2032 2912
721 324 896 357 GENTIS
920 321 1199 361 SCOTORUM,
1225 322 1314 355 LIB.
1340 322 1367 354 Ι.
1723 323 1743 351 5

350 424 467 459 natus,
499 419 536 453 in
564 417 774 452 Hiberniam
804 418 979 463 navigans
1004 428 1114 462 paene
1140 428 1263 451 omnes
1289 417 1335 451 ad
1359 415 1556 463 legitimam
1583 414 1740 449 Paschae

350 476 632 511 observationem
672 475 827 508 induxit.
866 473 1122 509 Westmonast.
1164 474 1210 508 ad
1252 485 1386 509 annum
1424 482 1533 509 DCCI.
1571 471 1664 507 Erat
1701 484 1742 506 ea

349 533 559 577 disceptatio
584 531 706 577 magni
731 535 810 565 tum
835 530 1018 570 momenti,
1042 542 1088 564 an
1112 531 1190 575 ipso
1215 531 1341 565 Martii
1364 530 1573 575 plenilunio,
1597 541 1644 564 an
1669 530 1741 575 pri-

348 602 408 625 ma
423 594 518 624 most
534 588 771 633 plenilunium
787 587 988 627 Dominica,
1006 586 1144 621 Pascha
1161 591 1254 621 esset
1273 587 1532 627 celebrandum,
1550 591 1630 622 orta
1646 598 1741 622 anno

348 654 518 681 Dchlv.
545 644 718 690 sigebert.
746 643 806 678 Ab
823 644 901 688 ipso
917 644 1032 677 multa
1049 643 1185 678 Bedam
1202 648 1409 678 mutuatum
1426 643 1542 690 Angli
1556 644 1739 684 fatentur3

348 705 423 748 ipsc
440 702 551 743 Beda,
570 701 632 736 lib.
652 709 706 735 IV.
724 712 800 746 cap.
820 709 905 735 XVI.
957 700 1107 745 Scripsit
1124 695 1250 741 multa,
1267 711 1359 745 quae
1377 701 1497 734 omnia
1515 700 1739 736 Trithemius

345 771 417 794 non
434 759 586 799 viderat,
604 758 655 793 ait
672 757 808 793 Anton.
824 757 1008 793 Possevin.
1022 756 1160 803 Appar.
1175 762 1262 793 tom.
1278 766 1304 791 1.
1343 756 1547 792 Celebriora
1561 757 1739 792 habentur

345 817 423 862 ejus
441 827 548 861 opera
564 825 573 850 :

491 873 546 908 De
580 873 676 909 Loco
710 873 920 909 Dominicae
949 873 1174 914 Nativitatis,
1207 872 1401 912 Passionis,
1431 876 1468 906 et
1496 870 1739 912 Ascensionis,

540 931 601 966 lib.
618 941 643 966 1.
683 930 938 966 Westmonast.
976 930 1077 975 Opus
1091 931 1277 965 collectum
1290 940 1335 963 ex
1352 929 1538 974 colloquiis
1555 928 1739 974 Arnulphi

543 988 710 1033 episcopi,
728 998 791 1022 seu
807 987 996 1033 Arculphi,
1014 988 1066 1022 ait
1083 986 1174 1021 Sixt.
1193 985 1338 1021 Senens.
1361 985 1423 1020 lib.
1443 994 1498 1020 IV.
1523 985 1736 1021 Bibliothec.

543 1046 631 1080 Fuit
671 1046 702 1079 is
745 1045 918 1079 Metensis
960 1045 1120 1079 antistes.
1165 1043 1254 1079 Vita
1293 1043 1338 1078 ab
1377 1054 1556 1089 anonymo
1596 1043 1738 1088 scripta.

542 1104 583 1138 P.
610 1102 830 1137 WVarnefrid.
855 1102 916 1136 lib.
944 1110 999 1136 Ἦ.
1026 1101 1124 1137 Gest.
1149 1100 1354 1148 Longobar.
1380 1112 1456 1146 cap.
1482 1110 1518 1135 v.
1570 1100 1622 1135 Et
1647 1100 1739 1136 forte

543 1160 670 1195 Scotus
685 1170 695 1200 ;
723 1160 803 1194 vide
820 1159 915 1193 infra
931 1159 998 1194 hoc
1015 1170 1133 1204 opere.

492 1218 547 1252 De
565 1217 670 1251 Locis
689 1216 821 1250 Terrae
839 1215 988 1250 Sanctae
1279 1217 1341 1251 lib.
1360 1224 1386 1250 1.
1404 1215 1497 1251 forte
1514 1215 1608 1250 idem
1626 1226 1725 1260 opus.

490 1273 546 1308 De
562 1273 669 1308 Statu
687 1272 913 1306 Hierusalem
1285 1273 1347 1307 lib.
1367 1281 1392 1306 1.

491 1331 547 1365 De
564 1330 738 1365 Paschate
754 1329 914 1376 legitimo
1284 1329 1345 1364 lib.
1365 1338 1391 1363 1.

490 1388 675 1434 Epistolae
1282 1387 1343 1421 lib.
1364 1395 1390 1420 1.
1442 1386 1608 1422 Balaeus.

490 1445 546 1480 De
564 1445 694 1480 Sancto
712 1444 886 1479 Columbo
910 1443 1026 1485 Scoto,
1051 1444 1266 1489 Presbytero
1289 1449 1325 1479 et
1347 1442 1569 1484 Confessore‚
1594 1444 1655 1480 lib.
1676 1454 1735 1479 111.

539 1502 668 1537 Edidit
686 1502 800 1536 Henr.
819 1501 985 1536 Canisius
1004 1507 1089 1537 tom.
1107 1503 1173 1537 ult.
1192 1500 1437 1546 Antiquarum
1455 1500 1676 1536 Lectionum.

391 1561 492 1596 Obiit
514 1571 608 1595 anno
631 1568 841 1594 Dccxcvn.
866 1559 1010 1593 sedente
1033 1560 1072 1593 in
1095 1558 1196 1593 Petri
1219 1559 1387 1594 cathedra
1411 1557 1546 1604 Sergio,
1570 1558 1737 1605 Eugenio

344 1617 410 1652 VI.
436 1619 474 1653 in
500 1617 619 1652 Scotia
643 1616 786 1662 pacifice
811 1623 996 1662 regnante.
1022 1616 1078 1651 De
1103 1617 1197 1651 mira
1222 1616 1441 1652 continentia
1466 1615 1567 1651 Beda
1591 1616 1653 1651 lib.
1682 1625 1735 1650 lv.

342 1676 448 1720 capit.
468 1684 569 1710 XXV.
623 1674 765 1710 Colitur
781 1682 902 1708 XXXI.
920 1672 1002 1708 Jan.
1055 1673 1215 1709 Fordun.

792 1845 827 1880 S.
857 1844 1194 1880 ADAMANNUS.
1247 1848 1281 1880 4.

344 1964 380 1998 S.
408 1962 692 2002 ADAMANNUS‚
725 1961 815 1995 alius
845 1972 867 1995 a
896 1960 1058 2001 Coludio,
1089 1960 1197 1995 abbas
1228 1960 1361 1994 scilicet
1391 1959 1426 1994 S.
1453 1959 1665 1995 Columbani
1694 1962 1757 1995 in.

343 2021 466 2055 Insula
485 2019 635 2059 Huensi,
653 2018 741 2058 sive,
758 2022 801 2052 ut
818 2018 869 2052 ait
888 2016 1131 2062 Hieronymus
1150 2017 1286 2058 Platus,
1306 2017 1366 2052 lib.
1390 2026 1431 2051 11.
1451 2017 1494 2051 de
1512 2016 1618 2052 Statu
1635 2017 1734 2052 Reli-

342 2079 453 2124 gioso,
473 2087 548 2121 cap.
569 2084 672 2109 xxx.
691 2076 729 2109 in
747 2075 866 2110 Scotia
883 2074 1000 2109 abbas.
1049 2074 1142 2109 Sunt
1159 2075 1222 2120 qui
1239 2075 1304 2109 hos
1322 2074 1565 2115 confundant3
1591 2080 1733 2119 separat

342 2141 461 2169 tamen
482 2133 666 2168 Arnoldus
687 2132 809 2167 Uvion
826 2132 887 2167 lib.
911 2141 971 2166 111.
994 2131 1101 2178 Ligu.
1119 2131 1225 2167 Vitae
1243 2143 1324 2179 pag.
1343 2140 1501 2166 CCCCVI.
1525 2136 1560 2166 et
1583 2143 1628 2166 ex
1651 2132 1733 2167 Tri-

342 2191 487 2231 themio,
506 2189 616 2230 Beda,
634 2189 806 2235 Sixtoque
824 2189 982 2229 Senensi,
1000 2188 1096 2223 hunc
1112 2194 1216 2224 vocat
1233 2190 1352 2224 virum
1366 2188 1585 2224 admirabilis
1602 2189 1733 2224 doctri-

343 2259 409 2282 nae
426 2252 462 2282 et
478 2247 690 2282 sanctitatis.
742 2247 892 2292 Scripsit

490 2304 545 2338 De
563 2303 736 2339 Paschate
753 2304 823 2338 rite
840 2304 1060 2339 celebrando.

393 2362 560 2397 Florebat
585 2372 678 2396 anno
703 2369 857 2396 Dcnxx.
909 2361 1049 2396 Colitur
1075 2369 1195 2395 xxm.
1222 2360 1304 2396 Jan.
1332 2366 1368 2396 et
1398 2369 1521 2396 xxm.
1553 2361 1730 2406 Septemb.
