2032 2912
665 356 840 390 GENTIS
865 357 1142 397 SCOTORUM,
1168 359 1257 391 LIB.
1282 359 1323 391 V.
1631 362 1695 394 259

357 451 488 486 Passus
505 456 559 486 est
576 463 669 486 anno
687 461 798 486 XCVI.
850 453 990 487 Colitur
1007 453 1064 487 die
1088 462 1180 487 XIII.
1200 462 1268 487 XV.
1294 453 1488 489 Novembr.
1513 466 1553 489 ac
1575 455 1692 489 nescio

307 520 370 542 cur
388 509 542 554 Hispani
560 510 752 544 maluerint
769 515 945 555 receptam
965 510 1068 544 fidem
1087 510 1199 545 Gallis
1216 511 1335 556 potius
1354 523 1461 556 quam
1482 512 1618 546 Romae
1635 513 1694 546 de-

307 567 399 606 bere,
417 577 496 601 cum
515 567 550 601 S.
569 565 776 612 Dionysius,
794 572 837 601 ut
854 568 928 611 ipse
946 568 1041 601 haud
1059 568 1204 602 obscure
1222 569 1341 603 innuit
1364 570 1466 614 epist.
1487 579 1528 604 x.
1554 570 1592 604 in
1611 569 1694 604 Gal-

306 624 371 658 lias
397 635 419 658 a
440 623 476 658 S.
500 624 681 658 Clemente
703 624 867 668 pontifice
890 625 1088 660 destinatus
1111 625 1254 659 biennio
1277 630 1353 660 toto
1375 632 1456 671 post
1479 627 1693 672 martyrium

305 680 474 727 Eugenii,
493 682 531 715 id
545 686 609 722 est,
624 692 717 715 anno
731 690 877 716 XCVIII.
895 686 937 716 ut
954 683 1024 716 late
1042 682 1219 717 Baronius
1232 683 1395 728 princeps
1412 689 1498 718 tom.
1516 694 1540 718 I.
1559 684 1691 718 Annal.

307 738 437 772 evicit:
463 738 585 783 itaque
602 738 696 772 inter
714 739 979 773 conversionem
1003 744 1039 773 et
1060 740 1274 784 martyrium
1297 746 1402 775 erunt
1423 751 1573 776 XXXIV.
1597 743 1693 781 anni,

305 795 436 839 quibus
466 795 662 830 Toletanae
690 796 854 830 ecclesiae
881 796 1087 841 praefuerit.
1149 797 1360 842 Quicunque
1391 799 1495 833 aliter
1522 799 1691 838 scribunt,

305 863 453 887 censura
470 858 598 899 egent3
618 858 654 888 et
670 858 713 888 ut
730 865 854 888 verum
873 854 919 888 sit
937 865 1018 888 eum
1037 855 1129 888 circa
1142 854 1299 889 Parisios
1313 866 1468 900 passum,
1482 862 1601 890 tamen
1619 868 1693 890 om-

304 910 361 943 nis
379 910 449 944 alia
465 911 600 945 occasio
617 911 819 956 quaerenda
837 916 901 952 est,
919 923 1026 957 quam
1045 912 1260 957 colloquium
1277 923 1357 947 cum
1375 912 1411 947 S.
1431 912 1616 958 Dionysio,
1631 914 1691 958 qui

305 968 463 1002 nondum
481 968 519 1002 in
536 967 671 1003 Gallias
690 974 847 1004 venerat.

760 1084 797 1119 S.
823 1084 1099 1119 ETHBINUS.
1151 1087 1235 1123 477.

305 1198 340 1232 S.
360 1198 590 1240 ETHBINUS,
607 1200 801 1234 monachus
819 1200 1083 1241 Benedictinus,
1108 1204 1151 1235 ut
1169 1203 1247 1235 vult
1265 1200 1396 1242 Uvion,
1421 1204 1485 1235 aut
1502 1201 1691 1235 eanonicus

304 1257 489 1302 regularis,
506 1262 548 1291 ut
565 1259 679 1302 placet
697 1257 854 1298 Ghini03
872 1263 1053 1302 utcunque
1071 1258 1129 1298 sit,
1148 1262 1169 1277 ‘⁶
1189 1258 1374 1292 Nectensis
1392 1259 1429 1292 in
1445 1258 1620 1292 Hibernia
1634 1258 1693 1291 ab·

304 1314 377 1354 bas,
396 1318 431 1348 et
455 1314 493 1347 in
516 1314 706 1349 Britannia
725 1316 862 1355 natus,''
885 1316 1016 1350 dicitur
1033 1314 1142 1349 Petro
1159 1315 1219 1349 lib.
1240 1324 1296 1349 IX·
1321 1315 1435 1350 Catal.
1454 1327 1529 1359 cap.
1549 1324 1690 1349 XXCIV.

304 1376 386 1405 ante
404 1382 483 1405 eum
503 1372 595 1405 idem
614 1372 808 1406 affirmarat
820 1371 1030 1407 Vincentius
1044 1371 1185 1416 Speculi
1198 1372 1259 1406 lib.
1275 1381 1363 1406 XXI.
1379 1383 1455 1416 cap.
1471 1381 1581 1407 CXIV.
1598 1381 1691 1406 CXV.

304 1429 481 1463 Trithem.
500 1429 561 1463 lib.
582 1438 642 1463 111.
661 1429 740 1464 Vir.
759 1430 809 1463 ill.
828 1440 903 1474 cap.
923 1438 1037 1464 XLIV.
1077 1427 1137 1462 Ex
1154 1440 1195 1463 eo
1214 1440 1300 1463 vero
1316 1440 1399 1463 eum
1412 1429 1555 1463 Gallum
1568 1428 1693 1468 facere,

302 1486 398 1531 quod
416 1486 454 1520 in
472 1485 589 1520 Gallia
605 1487 652 1521 sit
670 1487 853 1531 provincia
866 1487 1067 1527 Britannia,
1087 1486 1237 1520 delirare
1255 1490 1330 1528 est3
1350 1498 1434 1521 nam
1447 1498 1511 1520 nec
1527 1490 1613 1521 tunc
1631 1497 1694 1520 nec

301 1544 425 1578 multis
442 1548 565 1589 postea
581 1545 707 1578 seculis
726 1556 767 1586 ea
784 1545 882 1591 regio
901 1544 1109 1578 Britanniae
1126 1554 1256 1578 nomen
1273 1543 1412 1582 habuit.
1433 1544 1494 1578 sed
1511 1543 1694 1578 Aremori-

302 1613 362 1636 cae
377 1612 387 1643 ;
414 1606 456 1636 ut
473 1602 648 1641 omittam,
666 1613 851 1646 nunquam
868 1601 1112 1637 Aremoricam
1131 1602 1339 1646 simpliciter
1350 1602 1577 1637 Britanniam
1592 1613 1694 1636 voca-

302 1660 345 1699 ri,
371 1660 432 1693 sed
458 1670 538 1693 cum
569 1659 807 1702 distinctione,
835 1659 1024 1699 Minorem,
1051 1664 1092 1693 ut
1108 1665 1244 1693 notum.
1296 1659 1373 1693 Nec
1389 1660 1447 1693 hic
1463 1659 1605 1705 Anglus
1623 1659 1691 1693 dici

302 1721 430 1761 potest,
448 1716 534 1761 quia
550 1720 636 1750 tunc
653 1716 789 1763 Anglia
813 1717 971 1751 nondum
990 1716 1093 1750 fidem
1112 1728 1133 1750 a
1155 1716 1191 1750 S.
1210 1715 1419 1762 Augustino
1443 1717 1602 1760 apostolo
1628 1727 1692 1750 suo

302 1778 494 1818 acceperat,
525 1774 586 1807 sed
616 1778 772 1818 quatuor
801 1778 941 1808 tantum
968 1774 1071 1807 annis
1104 1778 1186 1807 ante
1217 1773 1353 1807 obitum
1384 1772 1549 1813 Ethbini,
1579 1778 1620 1807 ut
1645 1784 1689 1807 ex

303 1831 338 1865 S.
358 1830 531 1877 Gregorio
549 1830 579 1865 Ι.
597 1842 689 1875 papa
711 1836 746 1865 et
769 1831 848 1865 aliis
871 1831 973 1865 docui
996 1831 1057 1865 lib.
1082 1840 1107 1864 1.
1134 1830 1310 1875 Apparat.
1336 1841 1411 1875 cap.
1431 1839 1520 1863 VIII.
1547 1829 1602 1864 De
1625 1830 1692 1864 hoc

301 1889 493 1934 apostolico
511 1888 589 1922 viro
613 1888 780 1922 Hirlandi
808 1888 945 1922 Scotiae
971 1889 1065 1934 grati
1091 1888 1226 1934 gratias
1251 1887 1417 1927 referant,
1444 1888 1506 1932 qui
1533 1892 1568 1921 et
1593 1888 1688 1932 ipsos

302 1947 463 1991 exemplo
480 1957 545 1980 suo
562 1946 607 1980 ad
625 1957 749 1979 verum
767 1946 835 1980 Dei
854 1947 989 1980 cultum
1003 1946 1126 1986 erexit,
1140 1950 1177 1980 et
1190 1946 1368 1990 leprosum
1383 1945 1689 1990 paralyticumque

302 2005 447 2040 sanitati
465 2005 636 2040 restituit.
690 2004 839 2048 Scripsit

447 2062 541 2096 Acta
559 2062 727 2096 Sansonis
746 2062 914 2108 Magistri
1239 2061 1300 2095 lib.
1320 2070 1345 2095 1.

449 2120 701 2153 Meditationes
719 2130 759 2152 ac
779 2119 902 2154 Preces
1238 2118 1299 2153 lib.
1320 2127 1345 2152 1.

349 2178 451 2212 Obiit
468 2189 508 2211 ac
525 2177 706 2221 depositus
729 2182 782 2211 est
810 2188 903 2211 anno
922 2186 1015 2211 Dcx.
1068 2176 1209 2211 Colitur
1234 2185 1323 2210 XIX.
1348 2174 1525 2220 Septemb.
1551 2173 1690 2219 Marty-

301 2237 364 2270 rol.
384 2234 611 2269 Carthusian.
631 2235 688 2268 vel
707 2244 795 2268 XIX.
816 2234 941 2269 Octob.
961 2234 1093 2274 Uvion,
1111 2238 1147 2267 et
1164 2234 1235 2267 alii.

769 2332 805 2367 S.
833 2332 1092 2367 EUSEBIUS.
1143 2334 1228 2369 478.

302 2409 337 2443 S.
363 2408 578 2449 EUSEBIUS,
609 2413 842 2454 cognomento
873 2405 1055 2447 Inclusus,
1086 2407 1281 2451 discipulus
1310 2405 1345 2440 S.
1377 2405 1471 2440 Galli
1500 2404 1606 2445 Scoti,
1643 2410 1688 2444 et,

299 2471 341 2501 ut
375 2466 531 2501 creditur
566 2477 587 2499 a
621 2466 707 2500 viris
739 2465 950 2500 doctissimis
983 2464 1139 2499 Henrico
1170 2464 1314 2499 Canisio
1344 2468 1380 2498 et
1406 2462 1544 2498 Judoco
1574 2463 1689 2497 Metz-
