2032 2912
374 313 415 343 84
753 307 982 340 HISTORIA
1007 304 1378 338 ECCLESIASTICA

376 405 399 438 J
401 416 431 439 ο.
449 403 668 439 Gualterium
680 412 761 447 pag.
776 408 1028 434 MCCLXXXII.
1059 399 1265 434 W'alramus
1278 399 1563 443 archiepiscopus
1575 398 1764 434 Colonien-

376 463 423 496 sis
442 466 464 481 “
477 461 514 494 in
527 460 696 493 honorem
715 457 750 492 S.
769 457 941 503 Brigidae
954 457 1134 492 ecclesiam
1149 455 1367 491 consecravit
1380 466 1390 497 ;
1408 455 1498 491 haec.
1509 455 1611 504 virgo
1626 454 1762 490 Scotica

377 517 477 552 fuit.'’
495 514 771 549 lVandelbertus
790 514 1012 549 Prumiensis
1030 514 1266 560 Martyrolog.

670 577 788 616 Brigida
800 577 881 616 virgo
894 583 996 617 potens
1010 577 1119 607 Februi
1132 577 1186 606 sibi
1201 577 1293 616 prima
1306 576 1445 607 kalendas

672 624 820 654 Scotorum
835 625 907 662 miro
920 625 1011 664 poscit
1026 625 1170 654 celebrata
1182 625 1288 654 favore.

420 683 515 717 Petr.
531 682 710 728 Cratepol.
723 693 805 728 pag.
822 691 925 716 xxx.
945 686 967 702 ‘⁶
981 681 1111 716 Sancta
1124 682 1276 728 Brigida
1289 693 1332 716 ex
1348 681 1497 716 Scotia.”
1548 681 1761 716 Memoriam

371 741 446 785 ejus
463 740 586 774 recolit
601 740 744 774 ecclesia
757 739 910 774 calendis
924 738 1123 774 Februarii.
1153 738 1390 785 Martyrolog.
1409 738 1562 773 Roman.
1582 744 1603 759 “
1618 739 1661 773 In
1680 739 1762 773 Sco-

370 798 420 831 tia
437 796 472 830 S.
491 796 661 842 Brigidae
680 797 841 843 virginis,
866 807 956 841 quae
980 807 1061 830 cum
1084 797 1222 842 lignum
1242 797 1364 830 altaris
1383 796 1571 842 tetigisset,
1592 796 1706 830 viride
1723 797 1762 829 in

369 854 611 888 testimonium
636 853 856 899 virginitatis
881 864 965 887 suae
981 852 1115 887 factum
1134 853 1219 886 est.'‘
1269 852 1408 887 Eadem
1425 853 1487 886 illo
1505 851 1561 887 die
1579 854 1675 898 apud
1693 853 1762 887 Be-

368 911 459 950 dam,
486 910 703 950 Usuardum,
729 909 893 944 Adonem
918 909 1169 950 Viennensem,
1195 914 1231 944 et
1256 910 1355 944 alios.
1407 909 1502 944 Acta
1525 910 1601 956 ejus
1626 914 1661 943 et
1687 910 1763 944 vita

368 969 461 1012 apud
487 967 633 1001 Surium
659 972 745 1002 tom.
774 976 799 1001 1.
826 978 934 1011 quam
960 967 1139 1001 contraxit
1164 967 1202 1000 in
1231 977 1345 1011 pauca
1376 966 1554 1001 Francisc.
1587 967 1761 1001 Haraeus.

367 1024 578 1069 Rodulphus
605 1025 648 1058 de
673 1024 803 1064 Breda,
829 1034 892 1057 seu
918 1023 961 1057 de
990 1023 1098 1064 Rivo,
1129 1028 1212 1058 ante
1243 1032 1303 1058 cc.
1335 1035 1446 1058 annos
1478 1024 1631 1058 decanus
1662 1023 1763 1057 Tun-

366 1083 502 1129 grensis
523 1082 562 1116 in
584 1081 794 1116 Calendario
816 1081 994 1127 generali:
1022 1084 1043 1100 “
1060 1080 1120 1115 Ex
1142 1080 1261 1115 Scotia
1284 1081 1455 1127 Brigidae
1483 1082 1633 1127 virginis
1646 1081 1674 1114 :''
1701 1082 1762 1115 sed

365 1142 467 1186 longe
484 1140 610 1173 melius
633 1139 823 1184 Cogitosus
846 1139 923 1184 ejus
945 1149 1066 1182 nePOS,
1091 1137 1170 1172 MS.
1195 1139 1234 1172 in
1256 1138 1470 1173 bibliotheca
1492 1139 1700 1173 monasterii
1725 1138 1760 1172 S.

365 1197 535 1231 Caeciliae
559 1202 657 1231 trans
683 1195 867 1241 Tyberim,
891 1196 999 1230 etiam
1025 1195 1070 1229 ab
1096 1194 1254 1230 Henrico
1282 1195 1426 1230 Canisio
1450 1196 1665 1240 publicatus,
1684 1197 1761 1242 ejus

363 1259 463 1301 gesta
475 1259 597 1288 narrat
610 1264 619 1295 3
639 1253 697 1287 hie
711 1258 732 1272 “
746 1253 783 1286 in
797 1252 959 1287 ulteriori
973 1252 1184 1287 Britanniae
1197 1257 1298 1297 parte
1312 1254 1456 1287 natam'’
1474 1253 1673 1297 profitetur.
1710 1253 1761 1288 Et

364 1316 464 1357 pater
490 1312 566 1357 ejus
592 1311 824 1345 Cathenesiae
846 1320 975 1354 prorex
1000 1309 1157 1345 Saxones
1183 1310 1421 1355 irrumpentes
1448 1310 1606 1344 animose
1632 1312 1758 1345 arcuit.

367 1369 523 1403 Fordun.
539 1368 616 1403 MS.
660 1367 875 1414 Virgineum
889 1368 1008 1402 velum
1023 1367 1176 1412 sumpsit
1189 1367 1227 1401 in
1242 1367 1354 1401 Mona
1366 1367 1493 1407 insula,
1514 1378 1604 1412 quae
1619 1379 1659 1401 eo
1673 1379 1760 1403 aevo

363 1438 486 1472 regum
502 1426 689 1461 Scotorum
703 1426 897 1470 sepultura.
937 1425 1064 1459 Boeth.
1080 1424 1140 1458 lib.
1157 1433 1214 1458 lx.
1250 1424 1345 1459 Fuse
1363 1425 1454 1459 libro
1467 1429 1636 1469 sequente
1651 1426 1708 1459 hic
1722 1426 1759 1459 in

364 1483 492 1518 Sancto
510 1481 728 1518 Columbano
742 1482 924 1517 Bobiensi.
951 1482 1003 1517 Et
1017 1483 1117 1529 origo
1130 1482 1242 1527 patris
1257 1483 1334 1528 ejus
1348 1483 1386 1516 in
1400 1482 1559 1517 Ladenia
1573 1482 1758 1523 Ptolomei‚

365 1552 457 1576 nunc
474 1541 651 1580 Laudian,
670 1544 711 1574 ut
729 1540 791 1574 ibi.
844 1539 993 1585 Scripsit

511 1598 664 1632 Suarum
693 1597 968 1632 Revelationum
994 1597 1055 1632 lib.
1084 1607 1109 1632 1.
1171 1598 1215 1632 In
1246 1609 1335 1643 quas
1362 1597 1501 1633 Indices
1532 1599 1643 1633 edidit
1673 1598 1758 1633 Ala-

559 1667 628 1690 nus
646 1656 689 1689 de
718 1654 838 1689 Linna
867 1655 1060 1689 Carmelita
1086 1655 1153 1690 sub
1178 1667 1313 1690 annum
1341 1664 1551 1689 MCCCCXX.
1578 1668 1666 1701 quas
1692 1658 1759 1691 cla-

559 1713 692 1747 rissimi
719 1712 921 1756 philosophi
953 1717 988 1746 et
1017 1712 1174 1759 theologi
1205 1724 1409 1757 exposuere.
1428 1714 1690 1747 commentariis
1719 1725 1759 1747 ac

562 1769 859 1814 praelectionibus
890 1769 1052 1803 Oxoniae
1082 1770 1232 1814 publicis
1264 1770 1356 1804 circa
1383 1781 1516 1803 annum
1547 1778 1758 1805 MCCCLXX.

559 1826 718 1861 Thomas
738 1825 890 1861 Stubbes
915 1825 1183 1868 Dominicanus,
1208 1827 1410 1861 Richardus
1434 1826 1649 1872 Lavynham
1674 1828 1760 1862 Car-

561 1884 694 1918 melita.

415 1941 505 1975 Tam
524 1942 699 1987 gloriosae
718 1942 813 1976 vitae
838 1942 1016 1988 virginem
1037 1941 1099 1987 qui
1118 1943 1313 1987 culparent,
1333 1953 1405 1976 non
1428 1942 1619 1976 defuerunt
1641 1954 1685 1977 ex
1707 1945 1760 1978 ul-

368 1998 455 2032 tima
482 1999 739 2032 haereticorum
770 1999 890 2033 faece:
926 1998 1030 2033 Joan.
1062 1999 1286 2045 Capgravius
1312 2000 1459 2046 magicis
1485 2000 1760 2036 incantamentis

367 2067 441 2089 eam
461 2066 574 2095 usam,
591 2055 615 2089 J
618 2067 696 2089 oan.
717 2055 869 2090 Knoxus
887 2057 1183 2100 superstitionum
1202 2061 1397 2101 parentem,
1413 2058 1575 2101 impurus
1590 2069 1629 2092 ac
1643 2058 1759 2093 libidi-

368 2123 474 2147 nosus
492 2117 655 2156 apostata
674 2112 826 2147 Balaeus
844 2113 1094 2148 Revelationes
1118 2113 1214 2147 illius
1238 2114 1479 2148 sanctissimas
1503 2114 1640 2149 Dianae
1667 2127 1760 2150 som-

369 2169 428 2202 nia
444 2180 568 2204 vocare
586 2181 657 2204 non
676 2175 828 2205 veretur.
874 2170 1013 2205 Claruit
1030 2182 1087 2205 an.
1107 2179 1259 2205 vanr.
1278 2172 1335 2205 vel
1353 2181 1454 2206 Dxx.
1477 2177 1519 2206 ut
1541 2173 1674 2207 dictum
1693 2179 1757 2214 est,

371 2226 427 2259 vel
453 2234 617 2260 Dxxvu.
667 2227 881 2262 Genebrard.
901 2227 1032 2262 Chron.
1053 2239 1132 2274 pag.
1153 2237 1340 2263 ecccmx.
1393 2229 1505 2264 Errat
1522 2229 1676 2270 Platina‚
1695 2231 1758 2275 qui

372 2292 447 2315 eam
465 2292 542 2315 cum
562 2282 709 2329 Brigida
727 2284 848 2325 Sueca,
866 2289 907 2319 ut
925 2285 1010 2325 dixi,
1029 2285 1226 2320 confundit.
1279 2286 1493 2332 Regnabant
1511 2287 1606 2331 apud
1634 2286 1756 2330 Scotos

372 2337 554 2372 Conranus
585 2344 619 2373 et
647 2341 849 2387 Congallus,
880 2342 1078 2387 imperabat
1106 2342 1273 2378 Justinus
1299 2345 1427 2390 major,
1460 2344 1626 2379 Mariano
1656 2348 1756 2384 teste,

372 2393 506 2429 Romae
522 2396 559 2430 in
577 2396 674 2431 Petri
692 2399 858 2434 cathedra
875 2400 1018 2435 sedebat
1036 2399 1243 2436 Bonifacius
1262 2401 1311 2436 ΙΙ.
