2032 2912
708 335 885 368 GENTIS
910 334 1189 372 SCOTORUM,
1214 334 1304 367 LIB.
1329 335 1393 367 111.
1689 334 1752 367 149

405 430 546 464 Colitur
564 430 620 464 die
640 438 697 463 lx.
716 430 740 463 J
742 431 829 464 unii.
848 430 949 464 Obiit
966 442 1059 465 anno
1074 439 1195 464 Decx.
1215 429 1466 464 Calendarium
1481 427 1614 463 Adami
1630 428 1747 475 Regii,

356 493 391 522 et
409 487 697 522 Scotichronicon
715 488 878 522 meminit
903 499 976 522 non
1001 500 1074 522 uno
1095 490 1182 522 loco.
1235 488 1358 522 Abbas
1384 487 1454 521 fuit
1477 487 1568 533 regii
1596 487 1634 521 in
1652 486 1752 520 Maia

355 547 472 580 insula
499 545 656 585 claustri,
686 556 749 579 seu
776 546 885 589 prior,
913 546 1169 590 transtulitque
1194 545 1230 579 S.
1258 545 1415 580 Colmoci
1442 545 1611 590 reliquias
1635 545 1692 579 die
1710 552 1748 578 V.

359 603 462 638 Febr.
482 614 576 637 anno
593 603 748 642 laudato,
766 607 808 637 ut
826 603 863 636 in
881 603 969 637 actis
986 603 1065 636 loci.

800 718 837 752 S.
865 717 1178 752 CONGALLUS.
1232 721 1313 752 248.

353 834 389 868 S.
409 834 663 869 CONGALLUS
681 835 771 869 alius
798 846 819 868 a
844 834 1000 874 laudato,
1028 838 1154 874 aetate,
1181 834 1305 876 officio,
1331 839 1366 868 et
1393 834 1559 879 scriptis3
1587 846 1670 869 nam
1689 846 1749 879 po-

353 893 537 927 steriorem
562 895 669 938 paulo
687 894 806 927 minus
830 893 1005 927 sexcentis
1031 893 1134 926 annis
1160 892 1362 936 praecessit,
1387 897 1423 926 et
1449 903 1530 926 cum
1556 892 1615 926 ille
1641 892 1750 926 fuerit

352 950 471 992 abbas,
502 951 560 985 hic
591 951 808 985 Culdeorum
838 951 1023 994 episcopus
1054 950 1299 983 sanctissimus
1331 950 1486 990 sedebat,
1519 950 1605 984 dum
1631 949 1750 983 Ertha

353 1009 398 1042 ab
415 1009 534 1042 insula
551 1008 648 1043 Buta
666 1020 746 1042 cum
765 1008 800 1042 S.
820 1008 936 1044 Blano
959 1007 1031 1042 filio
1054 1008 1092 1041 in
1120 1007 1325 1041 ulteriorem
1352 1007 1507 1041 Scotiam
1533 1008 1683 1052 appulit,
1709 1012 1751 1041 ut

353 1077 398 1100 ex
427 1066 522 1100 Hist.
547 1066 726 1100 Ecclesiae
751 1066 1029 1100 Dumblanensis
1054 1070 1089 1100 et
1113 1066 1189 1099 vita
1212 1065 1249 1098 S.
1268 1065 1375 1099 Blani
1400 1077 1444 1099 ex
1470 1065 1625 1111 Georgio
1654 1064 1751 1099 Neu-

352 1129 437 1158 tono
464 1124 711 1158 archidiacono
736 1125 860 1169 liquet,
879 1123 914 1158 S.
933 1123 1116 1157 Kennethi
1135 1123 1279 1168 collega.
1330 1122 1422 1157 Vide
1440 1134 1550 1168 supra
1567 1123 1627 1157 lib.
1650 1132 1692 1156 11.
1712 1124 1750 1156 in

353 1181 388 1215 S.
409 1181 535 1215 Blano.
588 1181 738 1226 Scripsit

501 1238 697 1273 Conciones
715 1239 760 1272 ad
778 1237 901 1272 Scotos
919 1243 955 1273 et
972 1238 1092 1273 Pictos
1395 1238 1455 1272 lib.
1477 1248 1502 1272 1.

502 1296 744 1330 Homiliarum
762 1307 851 1341 opus
1394 1296 1455 1330 lib.
1476 1305 1501 1330 1.

500 1353 636 1387 Contra
652 1353 828 1387 Arrianos
1394 1353 1455 1388 lib.
1476 1362 1501 1386 1.

401 1410 569 1445 Florebat
587 1422 681 1445 anno
699 1419 917 1445 CCCCXLVI.
961 1410 1103 1445 Colitur
1121 1411 1179 1445 die
1198 1420 1274 1445 ΧΗ.
1295 1411 1397 1445 Maii.
1442 1410 1590 1457 Regius.

808 1526 844 1561 S.
872 1526 1158 1561 COLUMBUS.
1212 1528 1295 1565 249.

352 1644 387 1678 S.
420 1644 646 1678 COLUMBUS
677 1643 735 1677 vel
765 1642 961 1677 Columba:
992 1642 1295 1689 Martyrologium
1323 1642 1529 1677 Romanum
1558 1652 1615 1677 IX.
1648 1643 1750 1678 Junii

351 1702 497 1736 Scotum
529 1700 626 1740 facit,
657 1700 815 1733 incolatu
848 1700 1003 1740 scilicet3
1034 1711 1158 1734 revera
1185 1700 1223 1733 in
1254 1700 1380 1733 insulis
1412 1699 1568 1733 Scotiam
1603 1700 1648 1734 ab
1683 1700 1748 1734 Hi-

351 1759 476 1793 bernia
503 1757 768 1791 secernentibus
795 1762 912 1797 natus,
943 1762 1036 1791 recte
1062 1757 1214 1791 habetur
1241 1756 1446 1791 Hibernus:
1474 1766 1613 1791 XXXII.
1647 1759 1750 1792 annis

351 1817 390 1849 in
422 1815 541 1850 Scotia
571 1820 745 1854 versatus,
777 1815 974 1848 multorum
1005 1814 1260 1848 monachorum
1286 1819 1398 1858 pater,
1432 1819 1467 1849 et
1498 1826 1624 1860 regum
1651 1827 1750 1850 sanc-

351 1874 511 1908 tissimus
538 1873 730 1913 educator3
763 1873 805 1905 de
833 1883 915 1916 quo,
942 1872 1004 1916 qui
1033 1873 1137 1916 plura
1162 1872 1274 1916 cupis,
1305 1872 1362 1906 adi
1381 1873 1534 1906 ‘annales
1561 1878 1748 1914 nostrates,

352 1936 388 1965 et
413 1932 451 1965 in
484 1931 540 1965 his
574 1930 764 1964 Hectorem
793 1930 985 1963 Boethium
1012 1930 1073 1964 lib.
1094 1939 1151 1963 lx.
1179 1930 1240 1963 ubi
1268 1929 1480 1964 Brudanum
1503 1930 1687 1965 Pictorum
1713 1937 1749 1966 et

352 1989 537 2023 Aidanum
557 1988 744 2022 Scotorum
763 1999 863 2033 reges
886 1987 1134 2021 dissentientes
1160 1987 1376 2027 reconciliat,
1404 1993 1439 2021 et
1467 1988 1581 2021 eidem
1606 1988 1750 2024 Aidauo

351 2047 530 2092 insignem
559 2046 746 2080 victoriam
773 2045 937 2090 precibus
965 2046 1145 2090 impetrat,
1172 2046 1355 2089 multaque
1383 2046 1444 2089 pia
1474 2046 1544 2079 alia
1574 2057 1681 2090 opera
1711 2048 1749 2081 in

351 2109 456 2150 gente
475 2105 536 2138 illa
553 2109 684 2148 patrat.

403 2162 577 2196 Nonnulli
596 2162 691 2195 hunc
708 2173 789 2195 cum
808 2161 1039 2200 Columbano,
1058 2165 1099 2195 ut
1117 2161 1286 2200 dicebam,
1306 2160 1551 2202 confundunt;
1571 2173 1653 2196 nam
1668 2163 1749 2197 licet

352 2225 492 2264 tempus
521 2220 682 2263 quadret,
711 2220 806 2253 unde
835 2230 990 2253 errorem
1018 2224 1137 2253 ortum
1164 2219 1340 2259 existimo,
1369 2224 1489 2253 tamen
1515 2224 1652 2254 caetera
1677 2221 1749 2255 dis-

351 2278 474 2322 paria3
502 2288 585 2311 narn
614 2277 671 2310 hic
701 2288 884 2321 nunquam
911 2282 1012 2311 extra
1039 2276 1251 2310 Hiberniam
1278 2281 1313 2311 et
1339 2276 1494 2311 Scotiam
1527 2288 1748 2323 progressus,

352 2336 411 2369 ille
429 2339 542 2368 totam
560 2346 649 2378 pene
667 2334 851 2378 Europam
871 2335 930 2378 pia
954 2334 1238 2379 peregrinatione
1263 2335 1449 2375 lustravit3
1482 2335 1540 2369 hic
1565 2336 1603 2369 in
1630 2335 1748 2370 Scotia

351 2393 439 2427 obiit
459 2393 495 2425 in
517 2392 627 2437 Huyo
646 2392 773 2431 insula,
801 2396 840 2425 ut
861 2391 980 2425 Bedae
998 2392 1123 2435 placet,
1142 2392 1201 2425 ille
1224 2392 1401 2426 Bobiense
1423 2393 1630 2427 coenobium
1654 2404 1747 2427 mor-

351 2456 385 2485 te
403 2462 468 2484 sua
486 2450 731 2484 cohonestavit
747 2461 756 2483 :
775 2450 928 2494 denique
942 2449 1055 2483 multa
1067 2450 1126 2483 ille
1144 2449 1308 2494 scripsit3
1329 2450 1373 2484 ab
1391 2450 1467 2490 hoc,
1486 2455 1627 2495 praeter
1646 2462 1745 2485 sanc-
