2032 2912
386 333 426 362 42
761 325 989 360 HISTORIA
1013 324 1380 358 ECCLESIASTICA

808 477 844 512 S.
870 476 941 512 JO.
967 475 1236 511 AIRIGENA.
1289 474 1347 510 64.

384 593 418 628 S.
437 592 461 627 J
464 599 628 626 OANNEs
645 591 830 640 Airigena‚
849 602 911 626 seu
929 591 1099 638 Erigena,
1122 590 1317 625 monachus
1342 589 1477 624 ordinis
1501 589 1546 625 D.
1572 589 1769 631 Benedicti,

383 651 427 685 ab
455 649 546 684 Aira
575 650 704 695 oppido
732 650 1010 695 haudquaquam
1039 647 1216 688 incelebri,
1246 647 1322 682 sive
1352 646 1439 688 Era,
1469 658 1665 694 cognomen
1696 659 1770 682 sor-

385 707 484 748 titus,
515 711 557 741 ut
583 718 679 741 nunc
706 708 814 742 etiam
843 708 881 741 in
909 706 1016 741 Italia
1046 706 1208 740 videmus
1238 705 1452 740 clarissimos
1482 705 1578 740 viros
1609 716 1631 739 a
1656 705 1772 739 muni-

383 764 483 808 cipiis
509 765 582 798 suis
608 765 819 811 cognomina
843 764 1022 798 asciscere.
1073 762 1196 797 Abbas
1226 761 1486 797 Vercellensis:
1513 766 1536 782 “
1560 761 1630 797 Vir
1660 763 1771 797 excel-

384 821 488 855 lentis
513 821 660 868 ingenii,
687 821 821 855 Graeca
845 825 881 855 et
906 820 1038 854 Latina
1063 820 1224 854 eruditus
1250 819 1407 865 lingua.”
1457 819 1561 854 Joan.
1593 819 1770 855 Trithem.

385 877 445 911 lib.
461 885 504 911 11.
519 878 561 912 de
575 878 652 912 Vir.
667 878 795 912 illustr.
811 878 937 912 Ordin.
953 876 988 911 S.
1003 876 1188 910 Benedicti
1205 887 1280 921 cap.
1296 884 1410 910 XLVI.
1462 875 1563 910 Idem
1581 875 1770 923 Scotigena

383 934 509 969 dictus.
536 934 733 969 Germanus
761 935 799 968 in
822 934 1044 968 Bibliotheca
1067 944 1111 967 ex
1136 932 1348 967 Trithemio.
1375 932 1520 979 Collega
1536 933 1595 967 hic
1611 932 1771 974 Alcuini,

384 1001 465 1024 cum
492 1003 532 1025 eo
557 1003 578 1025 a
603 991 721 1026 Scotia
746 992 784 1025 in
809 991 942 1025 Gallias
972 991 1017 1024 ad
1047 990 1215 1024 Carolum
1245 989 1422 1035 Magnum
1452 989 1643 1034 profectus,
1675 990 1771 1025 Tici-

382 1048 500 1082 nensis
525 1048 663 1082 scholae
689 1048 858 1082 fundator
879 1047 960 1081 fuit.
1013 1046 1127 1081 Iidem
1150 1051 1310 1081 auctores
1334 1047 1396 1092 qui
1420 1057 1528 1092 supra
1551 1047 1590 1081 in
1611 1046 1771 1083 Alcuino

382 1104 517 1138 abbate.
571 1104 679 1138 Hunc
696 1104 786 1138 falso
809 1115 890 1138 cum
914 1104 1052 1138 Joanne
1075 1103 1191 1144 Scoto,
1216 1104 1278 1148 qui
1303 1103 1552 1139 Hierarchiam
1569 1104 1615 1139 D.
1635 1104 1772 1150 Diony-

382 1160 425 1194 sii
451 1159 620 1195 Latinam
645 1160 740 1201 fecit,
767 1161 1000 1202 confundunt,
1027 1166 1062 1195 et
1087 1161 1126 1194 in
1150 1161 1207 1194 his
1232 1160 1397 1195 Andreas
1422 1161 1624 1203 Duvallius,
1649 1163 1771 1197 doctor

381 1216 604 1258 sorbonicus,
622 1218 659 1252 in
677 1219 770 1253 notis
788 1219 833 1252 ad
847 1218 978 1252 librum
991 1217 1170 1252 Ecclesiae
1184 1217 1438 1263 Lugdunensis
1452 1229 1462 1259 ;
1482 1229 1565 1263 nam
1579 1219 1637 1253 1110
1650 1224 1770 1254 noster

382 1275 535 1319 aequalis
560 1275 631 1309 fuit
656 1275 782 1309 Carolo
809 1275 954 1321 Magno,
982 1275 1041 1308 ille
1067 1284 1151 1308 vero
1177 1282 1242 1308 XC.
1269 1275 1373 1308 annis
1402 1275 1487 1310 totis
1512 1280 1635 1321 postea
1665 1276 1766 1310 vixit.

383 1330 521 1376 Scripta
538 1332 583 1366 ab
601 1343 641 1366 eo
659 1337 743 1366 sunt
758 1342 766 1365 :

527 1389 582 1422 De
600 1389 927 1424 Praedestinatione
1315 1389 1376 1424 lib.
1396 1398 1422 1423 1.

528 1445 583 1479 De
602 1445 840 1480 Praescientia
857 1446 979 1480 divina
1315 1447 1376 1481 lib.
1397 1456 1422 1481 1.

529 1502 584 1536 De
601 1513 685 1536 vera
701 1503 849 1536 humani
866 1502 1020 1537 Arbitrii
1038 1501 1219 1538 Libertate
1313 1504 1374 1538 lib.
1395 1513 1420 1539 1.

528 1558 707 1605 Dogmata
725 1559 974 1604 Philosophica
1315 1561 1376 1595 lib.
1397 1571 1422 1595 1.

528 1615 773 1660 Epistularum
791 1617 836 1649 ad
854 1617 1011 1651 diversos
1314 1619 1375 1653 lib.
1395 1627 1420 1652 1.

530 1672 725 1719 Theologia
741 1673 892 1717 mystica
1316 1676 1376 1709 lib.
1397 1685 1422 1709 1.

382 1729 515 1763 Contra
543 1740 633 1773 quae
664 1730 780 1763 editus
811 1734 864 1763 est
895 1730 983 1763 liber
1012 1729 1191 1765 Ecclesiae
1220 1731 1473 1777 Lugdunensis
1502 1735 1645 1769 nomine
1675 1736 1766 1771 circa

381 1797 513 1820 3111111111
531 1794 672 1819 DCCCL.
691 1797 771 1819 011111
789 1787 947 1820 nondum
966 1787 1080 1820 adhuc
1099 1786 1255 1822 Joannes
1279 1788 1416 1830 Scotus,
1435 1789 1666 1827 Hierarchiae
1688 1804 1765 1827 ver-

380 1854 448 1883 sor,
466 1847 582 1876 natus.
620 1842 720 1887 Opus
738 1847 856 1877 autem
874 1843 964 1877 illud
981 1848 1080 1878 extat
1097 1848 1183 1879 tom.
1199 1854 1256 1880 IX.
1270 1845 1332 1880 SS.
1348 1846 1509 1882 Patrum.
1547 1848 1643 1883 Huic
1657 1850 1765 1885 etiam

383 1899 603 1934 Bibliotheca
620 1900 758 1940 tribuit,
777 1901 839 1945 qui
857 1901 960 1935 alteri
977 1900 1001 1934 J
1003 1902 1109 1935 oanni
1126 1902 1336 1938 tribuendus
1353 1904 1443 1939 liber
1459 1909 1524 1947 est,
1542 1910 1584 1941 ut
1600 1917 1665 1942 suo
1688 1908 1764 1942 loco

381 1956 508 1991 docebo
526 1957 630 1991 infra.

527 2013 581 2048 De
598 2014 785 2048 Divisione
803 2013 963 2049 Naturae
1310 2018 1372 2052 lib.
1392 2028 1417 2053 1.

526 2070 580 2104 De
598 2070 752 2116 Corpore
770 2076 805 2105 et
823 2071 1004 2118 Sanguine
1021 2072 1166 2107 Domini
1312 2075 1374 2110 lib.
1394 2085 1420 2110 1.

525 2127 579 2161 De
597 2128 832 2162 immaculatis
851 2128 1035 2174 Mysteriis
1311 2133 1372 2168 lib.
1392 2143 1418 2170 1.

528 2184 582 2218 De
600 2185 698 2225 Fide,
717 2190 839 2219 contra
857 2184 1045 2227 Barbaros,
1309 2190 1370 2225 lib.
1390 2200 1416 2225 1.

528 2241 582 2275 De
601 2242 818 2277 instituenda
833 2242 1031 2278 Juventute
1308 2248 1370 2283 lib.
1389 2258 1415 2283 1.

527 2298 815 2342 Paraphrasticos
833 2300 965 2335 Tomos
1309 2306 1370 2340 lib.
1391 2316 1416 2340 1.

436 2352 554 2400 Hujus
572 2356 683 2389 nostri
701 2368 795 2403 ergo,
813 2358 909 2402 quod
926 2358 1045 2400 sciam,
1063 2363 1203 2396 tantum
1221 2361 1306 2397 haec
1324 2368 1419 2398 sunt.

529 2410 584 2446 De
600 2411 731 2448 Officiis
747 2414 913 2450 humanis
1308 2419 1369 2454 lib.
1389 2428 1414 2453 1.
