2032 2912
325 299 389 329 214
714 296 948 330 HISTORIA
972 297 1348 331 ECCLESIASTICA

326 393 476 428 Joannis
500 392 637 427 Leslaei
655 392 715 427 lib.
736 401 773 426 V.
795 392 893 427 Hist.
913 393 1007 427 Scot.
1030 405 1112 439 pag.
1132 402 1275 429 CXCIII.
1321 394 1447 440 Pergit
1464 398 1542 428 tum
1561 394 1654 429 idem
1672 396 1727 430 hi-

326 452 477 485 storicus
497 461 653 489 narrare,
680 451 796 485 caedis
823 456 984 486 auctores
1011 452 1195 496 suppliciis
1222 451 1376 492 affectos,
1404 452 1505 496 prius
1531 456 1651 487 tamen
1677 454 1728 487 lo-

326 520 417 548 cum,
436 509 474 541 in
491 519 562 553 quo
580 509 757 542 demortui
775 509 870 555 regis
889 520 1016 554 corpus
1035 509 1256 549 abdiderant,
1283 510 1441 543 indicare
1460 515 1619 551 coactos3
1648 516 1727 545 tum

325 566 446 600 subdit
464 566 523 599 ille
538 575 546 599 ε
578 577 717 610 corpus,
736 567 832 611 quod
850 568 1104 607 occultabatur,
1129 572 1310 611 repertum
1336 573 1357 587 “
1375 578 1420 602 ex
1438 568 1536 602 omni
1554 573 1656 612 parte
1675 569 1727 603 in-

326 631 481 670 tegrum,
518 624 570 658 ita
604 629 646 658 ut
675 635 739 658 nec
769 625 901 659 vermis
930 637 1071 659 carnem
1101 626 1269 665 exederit,
1300 637 1363 660 nec
1397 630 1539 670 tempus
1574 626 1727 660 formam

324 682 506 722 deleverit,
525 693 590 716 nec
607 683 705 717 locus
724 683 875 717 colorem
894 683 1094 717 infuscarit.
1143 682 1211 716 Illa
1228 684 1386 727 primum
1404 684 1479 718 dies
1498 684 1727 719 densissimas

322 740 446 780 nubes,
465 740 595 784 quibus
614 742 750 775 coelum
768 740 839 775 fuit
857 741 1061 781 obductum,
1080 741 1240 785 dispulit,
1256 742 1436 786 solemque
1450 742 1623 776 reduxit.''
1658 742 1728 776 Ac-

322 799 428 832 cessit
453 798 579 844 ingens
605 799 829 838 miraculum,
856 810 939 832 nam
966 800 1074 838 locus,
1101 798 1163 832 ubi
1190 803 1353 832 sanctum
1380 810 1509 843 corpus
1535 799 1726 844 abjectum,

321 856 440 890 media
470 856 597 896 hieme,
627 860 850 902 repugnante
876 861 1016 896 natura,
1043 856 1105 890 sed
1125 855 1276 901 jubente
1302 861 1452 890 naturae
1478 855 1646 897 Domino,
1675 862 1728 892 to-

322 918 452 958 tusque
471 924 617 958 campus
636 914 775 947 vicinus
800 912 974 954 effloruit3
1001 914 1096 947 unde
1122 913 1154 946 ei
1180 925 1311 947 nomen
1334 913 1475 954 Kilssos,
1500 918 1536 947 et
1562 919 1728 959 corrupte

323 971 450 1012 Killos,
477 973 516 1006 in
542 972 709 1006 Moravia
735 970 868 1004 celebre
894 971 1152 1005 monasterium
1183 970 1488 1011 Cisterciensium,
1516 974 1557 1004 ut
1582 971 1673 1005 libro
1701 981 1726 1006 1,

322 1029 499 1074 Apparat.
520 1029 618 1064 Hist.
638 1028 732 1063 Scot.
752 1039 828 1073 cap.
848 1037 916 1065 XV.
943 1029 1146 1073 probatum.
1175 1028 1280 1062 Hect.
1300 1028 1428 1063 Boeth.
1448 1029 1509 1063 lib.
1530 1037 1587 1062 XI.
1615 1028 1728 1064 Scoti-

322 1087 514 1121 chronicon
531 1088 594 1122 lib.
613 1096 704 1122 VIII.
723 1098 799 1131 cap.
820 1094 921 1120 XXV.
973 1086 1086 1120 Porro
1110 1086 1146 1120 S.
1170 1085 1268 1120 Duffi
1285 1097 1413 1131 corpus
1431 1087 1508 1121 Ioco
1526 1087 1579 1121 illi
1597 1098 1727 1121 nomen

320 1144 405 1179 fecit
423 1146 527 1180 annis
546 1154 768 1182 CCXXXIIX.
787 1144 997 1189 priusquam
1016 1145 1274 1178 monasterium
1292 1145 1529 1179 conderetur:
1555 1150 1597 1179 ut
1615 1145 1727 1180 falsus

322 1202 432 1238 fuerit
458 1204 496 1237 in
520 1215 614 1238 anno
637 1203 859 1237 fundationis
887 1201 1051 1247 Rogerus
1078 1201 1298 1237 Hovedenus
1323 1201 1457 1237 Annal.
1485 1215 1562 1249 par.
1591 1213 1617 1237 1.
1644 1214 1726 1250 pag.

323 1269 523 1296 CCLXXXI.
576 1261 727 1306 Scripsit
744 1265 864 1295 autem
882 1271 947 1294 rex
964 1260 1032 1294 iste

470 1319 526 1353 De
543 1319 636 1353 bono
654 1318 845 1365 Regimine
1271 1318 1333 1353 lib.
1354 1328 1379 1353 1.

471 1376 602 1411 Edicta
620 1376 665 1410 ad
683 1376 830 1411 Thanos
1269 1376 1331 1410 lib.
1352 1386 1377 1410 Ι.

372 1435 504 1469 Passus
522 1439 576 1469 est
593 1446 658 1480 pro
672 1435 816 1480 justitia
834 1446 928 1469 anno
947 1443 1215 1469 DCCCCLXXII.
1268 1433 1355 1468 Dies
1374 1438 1428 1468 est
1446 1434 1615 1470 incertus.

736 1550 772 1585 S.
800 1549 1173 1585 DARDULACHA.
1226 1552 1310 1588 391.

324 1666 359 1701 S.
387 1666 695 1707 DARDULACHA,
724 1668 827 1713 virgo
854 1667 969 1707 Scota,
996 1671 1032 1701 et
1057 1666 1245 1712 peregrina
1270 1667 1309 1700 in
1335 1665 1529 1701 Germania
1554 1668 1724 1708 excessit3

322 1736 433 1766 soror,
452 1731 493 1760 ut
510 1726 688 1766 existimo,
708 1725 769 1759 SS.
796 1725 999 1760 Gunifortis
1023 1729 1058 1759 et
1081 1724 1287 1765 Gunibaldi‚
1312 1729 1354 1759 ut
1372 1736 1416 1758 ex
1434 1736 1556 1759 eorum
1575 1726 1727 1760 historia

326 1784 464 1830 colligo,
483 1795 590 1829 quam
609 1783 716 1817 habet
734 1784 977 1817 sanctuarium
998 1783 1149 1827 Papiae:
1177 1787 1360 1828 utcunque
1378 1783 1435 1822 sit,
1459 1783 1546 1817 haec
1568 1784 1726 1818 maximo

324 1842 522 1877 devotionis
541 1842 670 1875 affectu
690 1842 819 1875 colitur
836 1840 1035 1886 Frisingae,
1059 1845 1102 1874 ut
1119 1852 1163 1874 ex
1181 1840 1370 1875 Breviario
1396 1841 1620 1888 Frisingensi
1645 1852 1727 1876 con-

324 1906 396 1935 stat
411 1910 419 1940 ;
448 1899 583 1933 frustra
601 1899 659 1933 hic
676 1900 806 1943 stipem
824 1904 943 1943 captat
962 1898 1173 1932 Hirlandus.

374 1958 492 1992 Scotia
516 1957 666 1991 excessit
693 1969 773 1990 cum
795 1956 967 1991 fratribus
993 1957 1132 1991 duobus
1159 1962 1195 1991 et
1220 1968 1293 1991 una
1319 1968 1439 1992 sorore
1465 1968 1523 1992 an.
1550 1966 1724 1992 ccccxx.

324 2016 463 2051 Colitur
481 2016 537 2049 die
556 2025 581 2049 Ι.
601 2015 801 2055 Februarii,
820 2026 864 2048 ex
882 2015 1086 2049 auctoribus
1103 2015 1270 2050 laudatis.

849 2130 1060 2166 DANIEL.
1114 2134 1197 2170 392.

327 2248 507 2289 DANIEL,
544 2249 805 2283 Carthusianus
840 2254 990 2294 martyr,
1033 2259 1157 2282 everso
1196 2248 1364 2283 coenobio
1403 2248 1596 2288 Perthano,
1630 2249 1726 2293 quod

327 2306 717 2352 magnificentissimum
761 2307 799 2340 in
841 2306 943 2341 Valle
987 2306 1144 2341 Virtutis
1192 2308 1352 2342 extruxit
1387 2306 1542 2341 Jacobus
1577 2306 1605 2340 Ι.
1650 2317 1724 2346 reX,

326 2375 404 2398 cuni
450 2363 656 2398 ferocientes
701 2365 895 2399 haereticos
939 2365 975 2398 vi
1018 2365 1117 2398 verbi
1161 2365 1275 2399 divini
1319 2366 1525 2399 admoneret
1567 2364 1724 2404 liberius,

326 2422 364 2456 in
395 2422 524 2468 ignem,
555 2422 616 2466 qui
644 2423 764 2456 aedem
792 2433 929 2456 sacram
957 2422 1155 2462 hauriebat,
1182 2434 1348 2467 praeceps
1375 2423 1506 2463 datus3
1534 2427 1612 2458 tum
1644 2433 1724 2456 cum
