2032 2912
664 347 840 381 GENTIS
864 347 1141 387 SCOTORUM,
1165 348 1255 381 LIB.
1278 348 1357 382 VII.
1639 349 1703 381 317

322 442 493 487 quamdiu
514 441 554 475 in
577 441 812 477 Craufurdiae
829 441 974 477 Ericeto
991 443 1215 484 exercuisset,
1241 444 1361 478 creber
1383 443 1428 477 ad
1454 454 1535 478 eum
1558 453 1701 478 concur-

320 511 380 534 sus
409 500 523 534 omnis
553 500 679 534 aetatis
704 500 889 534 hominum
919 499 1115 534 ferventem
1145 500 1412 534 meditationem
1443 500 1701 545 interrumpere

322 558 420 591 visus
446 562 521 598 est3
552 557 630 591 ideo
657 568 739 592 cum
769 556 807 590 in
835 556 1047 591 Hiberniam
1072 558 1308 598 contenderet,
1334 562 1441 592 vento
1466 557 1639 592 renitente
1664 557 1702 591 in

323 614 536 659 Hispaniam
553 614 716 660 rejectus,
741 619 777 649 et
800 614 904 659 quasi
925 613 993 648 Dei
1017 615 1200 649 voluntate
1225 625 1266 649 eo
1291 615 1438 654 delatus,
1460 615 1509 649 sic
1532 615 1627 649 enim
1650 614 1703 648 in-

321 672 594 716 terpretabatur,
629 672 675 706 ad
710 671 929 715 Carpetanos
963 672 1001 704 in
1035 670 1292 705 Tarraconensi
1325 672 1441 717 angeli
1474 672 1614 706 monitu
1642 682 1703 706 vo·

322 734 433 770 catus,
455 729 611 773 seipsum
634 728 867 768 orationibus,
891 728 1036 774 vigiliis,
1062 728 1210 773 aliisque
1232 729 1388 773 corporis
1411 729 1704 763 macerationibus

323 787 515 827 oblectanS,
534 786 699 821 coelestia
720 790 774 820 est
797 791 989 820 assecutus.
1040 785 1155 820 Extat
1179 785 1331 820 officium
1353 797 1480 820 novem
1502 786 1703 826 lectionum,

321 855 340 879 e
357 844 488 889 quibus
507 844 576 879 ista
601 844 806 889 desumpsi:
831 844 1033 878 ostenditur
1055 844 1141 878 cella
1162 854 1235 878 non
1257 844 1361 890 longe
1383 843 1470 878 urbe
1486 844 1585 889 regia
1602 843 1706 877 Man-

322 908 395 942 tua,
426 902 535 948 vulgo
562 901 744 943 Madrito3
773 906 809 936 et
837 911 940 946 saepe
967 900 1134 935 eremitae
1160 901 1211 935 ibi
1241 900 1347 942 Scoti,
1374 904 1416 935 ut
1440 901 1563 935 retulit
1588 899 1633 935 R.
1662 900 1704 934 P.

322 959 518 1000 Pantonus,
533 960 693 994 sacerdos
707 958 924 999 Catholicus,
941 959 1004 1004 qui
1017 958 1080 993 diu
1093 970 1134 993 eo
1146 959 1185 993 in
1201 969 1312 1005 regno
1328 966 1498 1000 moratus,
1513 969 1616 1004 saepe
1629 969 1705 993 eam

323 1027 481 1051 eremum
500 1017 683 1052 visitabat.
734 1016 885 1061 Scripsit

470 1073 654 1109 Exercitia
671 1074 876 1119 spiritualia
1205 1074 1267 1109 lib.
1287 1084 1312 1109 1.

370 1131 470 1167 Obiit
487 1142 581 1167 anno
599 1140 846 1167 Decccxxm.
897 1130 983 1166 Dies
1001 1132 1118 1167 cultus
1135 1131 1290 1166 incertus
1308 1131 1404 1176 apud
1420 1141 1488 1166 me.

741 1246 778 1281 S.
806 1245 1162 1282 GUALAFERUS.
1212 1248 1296 1285 590.

327 1361 362 1396 S.
390 1362 683 1402 GUALAFERUS,
710 1361 889 1397 confessor
918 1366 954 1396 et
982 1362 1177 1407 episcopus,
1207 1362 1275 1397 hoc
1298 1366 1364 1403 est,
1390 1361 1578 1407 episcopali
1602 1361 1710 1395 titulo

324 1430 421 1460 usus,
463 1420 507 1453 ad
538 1419 738 1453 liberiorem
773 1419 949 1465 evangelii
982 1420 1290 1463 praedicationem,
1329 1419 1367 1453 S.
1406 1419 1577 1453 Rumoldi
1613 1417 1710 1453 Scoti

324 1488 440 1512 comes
470 1482 506 1511 et
535 1476 742 1521 discipulus,
772 1487 854 1511 cum
883 1487 924 1511 eo
960 1487 1004 1511 ex
1037 1477 1154 1521 patria
1188 1476 1227 1511 in
1258 1476 1426 1523 Belgium
1454 1476 1604 1521 appulit,
1638 1486 1711 1510 om-

324 1536 424 1570 nium
454 1536 628 1576 laborum,
657 1546 772 1580 usque
802 1536 848 1569 ad
877 1535 1102 1580 martyrium,
1132 1535 1318 1579 particeps.
1377 1533 1532 1569 Joannes
1558 1533 1711 1568 Domius

327 1594 365 1628 in
383 1593 470 1628 Vita
488 1593 585 1627 illius
603 1593 728 1627 sancti.
772 1592 848 1627 Nec
869 1594 974 1638 plura
996 1593 1039 1626 de
1064 1603 1105 1627 eo
1125 1592 1214 1626 mihi
1237 1597 1424 1637 comperta.
1465 1592 1609 1627 Scotum
1629 1601 1711 1625 eum

327 1651 448 1691 fuisse,
466 1655 509 1685 ut
527 1655 563 1684 et
579 1650 805 1696 magistrum,
832 1654 972 1694 praeter
997 1661 1038 1683 ea
1063 1660 1153 1694 quae
1178 1649 1238 1683 lib.
1258 1658 1342 1684 XVI.
1366 1649 1459 1683 infra
1481 1648 1599 1688 habes,
1623 1648 1712 1682 adde

327 1708 386 1742 hic
415 1709 532 1743 locum
564 1706 718 1742 Arnoldi
750 1707 947 1742 Mirmanni
978 1706 1135 1741 Theatro
1160 1706 1409 1741 Conversionis
1435 1705 1604 1740 Gentium
1629 1716 1709 1752 pag.

327 1775 419 1800 xl11.
433 1766 496 1800 ubi
514 1765 649 1806 scribit,
669 1769 691 1785 “
709 1764 890 1799 Rumoldo
907 1769 1042 1804 autore,
1061 1763 1212 1798 Davidis
1229 1763 1366 1798 Scotiae
1382 1764 1476 1810 regis
1493 1762 1575 1803 filio,
1589 1763 1712 1797 Mach-

327 1824 492 1858 linienses
510 1823 663 1857 insertos
681 1821 826 1856 Christo
839 1822 871 1856 :”
895 1826 931 1856 et
953 1821 1012 1855 hic
1036 1820 1156 1856 David
1179 1832 1251 1856 non
1273 1832 1336 1855 rex
1354 1821 1501 1862 Scotiae,
1526 1821 1587 1855 sed
1603 1820 1713 1855 frater

329 1881 423 1927 regis
448 1880 601 1921 Ethfini,
626 1884 669 1914 ut
694 1879 733 1913 in
757 1878 996 1919 veremundo,
1022 1883 1058 1913 et
1083 1883 1198 1913 aetate
1223 1879 1285 1913 illa
1309 1890 1429 1913 omnes
1452 1878 1569 1925 regiae
1591 1879 1713 1924 stirpis

327 1950 427 1985 reges
445 1937 573 1977 vooeti‚
590 1941 632 1971 ut
649 1937 711 1971 lib.
731 1945 774 1970 11.
793 1936 969 1981 Apparat.
990 1935 1085 1971 Scot.
1105 1947 1180 1981 cap.
1200 1945 1226 1970 1.
1245 1941 1446 1971 ostensum:
1472 1936 1559 1970 adde
1577 1937 1714 1982 elegan-

328 2002 398 2030 tem
424 1997 541 2030 locum
562 1994 695 2041 Rogeri
722 1993 909 2029 Hovedeni
936 1999 1030 2038 part.
1052 2002 1095 2028 11.
1122 1993 1253 2028 Annal.
1276 2004 1358 2040 pag.
1377 2002 1577 2028 ccccxxv.
1600 1998 1636 2027 et
1658 2004 1712 2027 res

329 2055 423 2088 clara
440 2058 505 2088 est.

378 2110 519 2145 Claruit
536 2121 630 2145 anno
649 2117 878 2143 DCCLxxlx.
930 2108 1016 2143 Dies
1033 2109 1200 2144 incertus.

719 2224 755 2258 S.
783 2223 924 2258 GRUN
927 2223 982 2258 DI
985 2223 1197 2258 BERTUS.
1250 2226 1332 2262 591.

333 2340 370 2376 S.
388 2339 718 2374 GRUNDIBERTUS
735 2338 874 2379 Scotus,
892 2338 1088 2383 episcopus,
1114 2339 1322 2386 peregrinus
1347 2338 1386 2373 in
1411 2338 1528 2373 Gallia
1551 2338 1718 2383 martyri-

333 2409 396 2433 um
417 2396 689 2437 consummavit,
712 2400 748 2431 et
771 2396 966 2442 pretiosum
990 2407 1117 2441 corpus
1142 2395 1291 2431 Rhemis
1316 2395 1523 2437 honoratur,
1547 2400 1589 2430 ut
1613 2395 1718 2430 habet

332 2454 483 2490 historia
500 2454 717 2496 monastica3
747 2458 862 2489 cetera
879 2454 974 2498 apud
991 2464 1047 2488 me
1063 2453 1206 2499 penitus
1222 2453 1357 2501 ignota.
