2032 2912
664 338 840 372 GENTIS
864 338 1144 379 SCOTORUM‚
1168 340 1258 373 LIB.
1284 341 1342 374 VI.
1640 344 1703 376 293

314 432 432 475 perius
451 436 658 467 enumerata
674 437 759 467 sunt
778 445 895 478 opera,
914 435 1058 480 scripsit

461 489 584 524 Vitam
603 490 724 525 Sancti
742 491 978 532 WVilerordi,
997 503 1114 537 prosa,
1271 494 1330 528 lib.
1352 504 1376 528 1.
1429 494 1538 541 Apud
1556 495 1702 531 Surium

511 552 598 582 tom.
617 557 671 582 VI.

463 604 587 640 Vitam
605 606 776 652 ejusdem,
797 617 914 647 versu,
933 606 1012 642 MS.
1137 608 1198 642 lib.
1219 617 1244 643 Ι.
1296 609 1340 643 In
1358 609 1520 645 biblioth.
1540 610 1575 645 S.
1594 611 1700 646 Galli.

463 662 507 697 In
524 662 767 709 Evangelium
786 663 823 698 S.
842 663 867 698 J
868 665 992 699 oannis
1011 664 1292 700 Commentarios
1406 667 1467 702 lib.
1488 678 1513 702 1.
1565 668 1703 714 Argen—

511 712 607 746 tinae
625 724 774 748 excusus
793 724 888 748 anno
906 722 1107 749 MDXXVII.
1147 714 1294 750 Gesner.
1313 716 1351 750 in
1371 715 1603 752 Bibliotheca.
1623 718 1701 752 MS.

512 769 548 804 S.
567 769 673 805 Galli.

463 828 508 862 In
525 833 660 873 septem
679 828 841 864 Psahnos
859 829 1129 874 poenitentiales
1270 830 1332 865 lib.
1352 840 1377 865 1.
1399 830 1539 867 Prodiit
1556 833 1702 867 Parisiis

512 897 606 921 anno
625 895 728 921 MDL.

462 943 670 989 Disputatio
701 955 783 978 cum
813 944 942 980 Carolo
972 944 1109 991 Magno
1138 947 1181 981 de
1212 946 1405 982 Rhetorica
1435 952 1471 982 et
1500 947 1705 983 Virtutibus

512 1001 573 1036 lib.
594 1011 619 1036 1.
646 1002 781 1047 prodiit
807 1014 900 1037 anno
929 1011 1148 1038 MDXXXIx.
1200 1004 1347 1040 Titulus
1373 1006 1405 1040 ei
1431 1006 1529 1051 operi
1559 1006 1597 1040 in
1626 1005 1703 1040 MS.

513 1059 548 1093 S.
569 1059 674 1100 Galli,
702 1064 723 1079 “
742 1059 952 1105 Disputatio
970 1060 1014 1094 de
1037 1061 1241 1104 Rhetorica,
1269 1067 1305 1098 et
1329 1063 1372 1098 de
1390 1063 1596 1099 Virtutibus
1614 1065 1707 1108 sapi-

514 1118 689 1153 entissimi
707 1119 802 1165 regis
816 1118 946 1161 Caroli,
961 1123 997 1154 et
1010 1119 1135 1154 Albini
1152 1121 1316 1166 magistri
1329 1122 1360 1155 :''
1377 1121 1433 1157 cui
1447 1121 1514 1156 hoc
1532 1121 1706 1167 epigram-

513 1187 571 1210 ma
589 1175 798 1222 praefixum,
816 1177 953 1212 incerto
971 1181 1114 1212 auctore
1130 1187 1140 1211 ι

618 1267 680 1303 Qui
693 1277 760 1306 rogo
772 1267 872 1297 civiles
887 1269 985 1308 cupiat
998 1278 1165 1308 cognoscere
1179 1278 1280 1303 mores,

660 1314 744 1344 Haec
757 1321 913 1355 praecepta
925 1316 1013 1355 legat,
1028 1326 1101 1354 quae
1114 1316 1188 1345 liber
1201 1316 1257 1345 iste
1270 1321 1360 1345 tenet.

617 1362 776 1400 Scripserat
789 1363 860 1392 haec
873 1364 951 1392 inter
964 1373 1047 1393 curas
1060 1373 1112 1392 rex
1126 1362 1246 1391 Carolus
1259 1363 1352 1396 aulae,

653 1409 838 1448 Albinusque
852 1410 940 1439 simul
950 1421 960 1445 ;
980 1411 1029 1439 hic
1043 1410 1134 1443 dedit,
1148 1409 1198 1438 ille
1211 1409 1331 1448 probat:

617 1455 719 1485 Unum
733 1466 805 1495 opus
818 1457 966 1486 amborum
977 1468 985 1492 ;
1008 1457 1104 1496 dispar
1118 1457 1142 1485 si
1155 1466 1241 1485 causa
1254 1456 1386 1491 duorum,

659 1502 716 1532 Ille
730 1509 815 1542 pater
829 1503 942 1538 mundi,
957 1504 1004 1533 hic
1016 1505 1160 1534 habitator
1174 1504 1265 1543 inops.

621 1551 689 1580 Non
702 1556 816 1581 temnas
829 1552 950 1587 modico,
964 1552 1062 1586 lector,
1076 1561 1128 1591 pro
1142 1560 1257 1590 corpore
1270 1550 1386 1584 librum,

656 1598 780 1637 Corpore
793 1599 973 1637 praemodico
986 1599 1045 1628 mel
1058 1599 1112 1628 tibi
1126 1603 1222 1637 portat
1235 1598 1305 1637 apis.

365 1694 543 1729 Adultera
561 1695 735 1738 quaedam
754 1695 786 1729 ei
804 1695 1063 1736 attribuuntur,
1086 1706 1177 1740 quae
1200 1694 1342 1728 calvini
1365 1693 1533 1728 haeretici
1551 1704 1626 1729 esse
1643 1706 1705 1728 an-

316 1752 455 1787 notavit
468 1751 647 1785 Henricus
658 1751 824 1787 Canisius
838 1757 926 1787 tom.
942 1761 980 1787 V.
995 1752 1188 1799 Antiquar.
1204 1751 1363 1787 Lection.
1378 1762 1459 1798 pag.
1476 1760 1705 1786 DCCCCLVH.

800 1926 835 1959 S.
864 1924 1088 1961 FETHUO.
1142 1927 1226 1960 535.

317 2043 561 2076 DISCIPULOS
579 2040 613 2075 S.
635 2040 828 2075 Columbae
846 2052 1056 2076 enumerans
1075 2040 1180 2076 Hect.
1200 2040 1328 2075 Boeth.
1345 2039 1405 2074 lib.
1421 2049 1476 2074 lx.
1502 2039 1597 2074 Hist.
1613 2040 1705 2073 Scot.

316 2111 396 2146 pag.
424 2107 563 2133 CLXVI.
592 2102 613 2118 “
630 2097 823 2138 Domitius,
842 2098 1013 2139 Ruthius‚
1031 2104 1067 2134 et
1084 2098 1235 2138 Fethu0‚
1261 2098 1356 2132 haud
1380 2108 1507 2142 parum
1531 2098 1704 2131 natalium

318 2157 565 2202 amplitudine,
587 2157 648 2191 sed
666 2156 781 2202 magis
807 2157 912 2202 longe
937 2156 1108 2203 religione
1133 2156 1344 2191 honestati.”
1395 2154 1574 2190 Abbatem
1600 2153 1708 2188 fuisse

317 2219 467 2255 constat,
487 2219 522 2249 et
539 2218 628 2259 puto
645 2215 739 2248 inter
757 2213 971 2248 Sodorenses
990 2215 1068 2249 illos
1085 2213 1208 2249 Scotos
1226 2218 1424 2248 montanos.
1476 2212 1624 2257 Scripsit

467 2271 649 2317 Epistolas
668 2273 713 2306 ad
731 2272 857 2307 Patres
875 2272 913 2306 in
932 2271 1020 2306 Iona
1307 2271 1366 2306 lib.
1387 2281 1412 2305 1.

367 2329 520 2365 Vivebat
538 2341 632 2365 anno
651 2339 760 2365 Devl.
812 2329 967 2365 Joannes
986 2329 1164 2371 Leslaeus‚
1182 2329 1243 2365 lib.
1263 2337 1316 2364 IV.
1335 2340 1416 2375 pag.
1439 2337 1536 2363 eL11.
