2032 2912
656 342 833 375 GENTIS
858 342 1137 382 SCOTORUM,
1162 342 1252 375 LIB.
1278 342 1337 375 IV.
1637 344 1701 377 229

303 448 370 471 nus
401 442 503 477 esset,
535 438 621 482 quia
652 438 826 481 scriptum
858 439 901 472 de
930 438 1107 484 legatione
1139 449 1205 473 sua
1229 438 1401 483 Byzantii
1426 438 1612 479 exaravit3
1640 439 1698 472 de-

304 495 411 539 nique
447 494 612 530 Pitsaeus
651 495 795 541 Anglus
833 494 1046 530 Austrasius
1085 501 1187 536 esset,
1227 500 1262 530 et
1300 497 1517 541 praeclaram
1555 500 1697 543 gentem

303 557 467 587 oneraret
493 553 653 593 infamia,
680 553 765 598 quia
791 553 990 587 Liverduni
1016 553 1150 587 scribit.
1202 553 1263 588 Ad
1287 554 1384 595 haec,
1413 555 1573 589 omnium
1601 565 1697 588 secu-

301 611 417 644 lorum
453 615 489 645 et
523 611 686 656 gentium
721 611 952 655 virorumque
987 611 1210 645 eruditorum
1244 623 1434 646 consensus
1469 612 1614 647 Scotum
1648 612 1698 646 fe-

300 679 399 709 cere;
427 669 629 713 aliquorum
653 679 831 713 apponam
857 668 1049 703 celebriora
1074 670 1291 704 testimonia.
1343 670 1429 704 Dux
1447 672 1515 705 erit
1538 671 1697 717 ejusdem

300 727 434 760 ordinis
461 726 592 760 Petrus
619 725 844 770 Cratepolius
871 737 952 773 pag.
973 736 1057 761 XCI.
1085 731 1107 747 ‘⁶
1124 726 1280 762 Joannes
1307 727 1423 768 Duns,
1446 730 1590 763 natione
1616 728 1697 762 Sco-

300 788 369 824 tus,
388 785 431 818 de
449 784 572 818 ordine
591 784 627 818 S.
647 784 840 825 Francisci,
859 785 915 820 vir
934 785 1198 820 eruditissimus
1216 785 1254 819 in
1272 786 1404 820 divinis
1422 786 1546 827 literis,
1564 791 1600 821 et
1619 786 1697 830 phi-

298 842 467 887 losophus
494 843 732 883 doctissimus,
762 842 989 877 acutissimus
1019 843 1166 889 ingenii,
1200 847 1236 877 et
1261 844 1348 878 adeo
1374 844 1583 888 profundus,
1609 848 1649 878 ut
1677 855 1698 877 a

298 900 420 944 paucis
440 901 574 945 scripta
591 901 669 946 ejus
687 901 761 935 sint
778 901 1043 945 penetrabilia.’'
1095 900 1210 935 Nicol.
1229 901 1422 936 Jansenius
1440 900 1697 936 Dominicanus

298 969 373 1003 cap.
406 967 495 992 V111.
527 959 565 992 in
593 958 811 1005 Apologiam
841 958 1008 1005 Hugonis
1043 958 1180 993 Cavelli
1217 958 1383 994 Hiberni.
1420 959 1569 1005 Gregor.
1606 960 1697 994 Ruis

297 1020 379 1050 ante
410 1016 610 1051 Comment.
643 1016 740 1051 Scoti
772 1016 810 1050 in
842 1026 896 1051 IV.
929 1016 1072 1051 Senten.
1107 1017 1231 1052 Simon
1263 1017 1420 1052 Maiolus
1448 1017 1609 1063 Colloqu.
1643 1027 1696 1052 1v.

297 1073 508 1120 Zuingerus.
546 1074 682 1109 Libert.
719 1074 919 1109 Fromondt
953 1074 1190 1110 Lovauiensis
1226 1076 1265 1109 in
1297 1075 1487 1110 Thesibus.
1525 1076 1697 1111 Nicolaus

296 1131 512 1167 Vernuleius
531 1132 733 1177 Triumpho
751 1131 970 1177 Assumptae
988 1132 1164 1179 Virginis.
1214 1133 1310 1173 Quid
1333 1135 1437 1178 plura
1450 1133 1467 1167 ἶ)
1494 1145 1609 1178 nuper
1626 1135 1698 1168 edi-

296 1194 333 1224 to
361 1201 466 1234 opere
494 1190 643 1235 probavi
670 1199 744 1224 XII.
779 1191 978 1224 rationibus
1008 1201 1089 1224 eum
1121 1191 1267 1225 Scotum
1294 1191 1413 1232 fuisse,
1441 1203 1504 1226 nec
1532 1192 1698 1226 Cavellus

298 1248 493 1292 respondit,
525 1259 590 1282 nec
624 1249 838 1293 respondere
868 1252 998 1293 potest.
1034 1248 1164 1283 Petrus
1199 1249 1410 1293 Rodolphus
1446 1249 1699 1284 Tossinianen-

297 1306 346 1339 sis
364 1310 450 1340 tom.
471 1316 533 1340 111.
552 1306 732 1352 Religion.
752 1306 900 1351 Seraph.
919 1306 982 1351 qui
1001 1306 1132 1341 diserte
1159 1311 1181 1326 ‘⁶
1199 1307 1244 1341 ad
1270 1307 1504 1352 Calydoniam
1531 1307 1698 1352 Sylvam''

296 1367 422 1397 natum
456 1364 518 1404 ait,
554 1364 665 1398 refert
703 1369 823 1397 tamen
863 1364 988 1398 Balaei
1022 1364 1324 1408 impudentissimi
1367 1368 1403 1398 et
1436 1365 1699 1398 mendacissimi

297 1421 433 1456 deliria.
485 1422 642 1456 Joannes
674 1422 717 1455 de
747 1421 910 1467 Ragusio
939 1421 1198 1457 Dominicanus
1229 1423 1406 1457 laboriosa
1435 1424 1497 1457 illa
1528 1423 1700 1457 Oratione

296 1478 420 1514 habita
454 1480 493 1513 in
527 1480 677 1514 concilio
713 1479 906 1513 Basiliensi
941 1480 984 1513 de
1019 1480 1279 1515 Communione
1309 1480 1376 1515 sub
1405 1485 1558 1526 utraque
1585 1481 1700 1526 specie

295 1547 377 1583 pag.
398 1546 484 1572 0111.
505 1542 526 1557 ⁶⁶
545 1536 683 1577 Scotus,
698 1538 761 1582 qui
776 1548 861 1581 prae
876 1537 1066 1572 altitudine
1085 1543 1120 1573 et
1138 1538 1337 1573 subtilitate
1355 1539 1537 1573 doctrinae
1552 1544 1698 1573 antono-

295 1596 443 1630 mastice
461 1607 592 1630 nomen
610 1595 778 1629 Doctoris
796 1594 946 1630 Subtilis
965 1596 1004 1630 in
1018 1596 1147 1630 scholis
1161 1597 1350 1631 obtinuit.”
1384 1595 1408 1629 J
1410 1607 1541 1630 oannes
1557 1596 1698 1631 Trithe-

296 1654 390 1688 mins
408 1654 470 1688 lib.
489 1654 532 1687 de
551 1653 792 1698 Scriptoribus
812 1652 1072 1688 Ecclesiasticis
1097 1665 1176 1700 pag.
1195 1663 1333 1688 CCCIII.
1362 1658 1383 1673 “
1400 1653 1424 1687 J
1426 1665 1556 1688 oannes
1582 1654 1697 1693 Duns,

298 1711 443 1746 natione
463 1711 601 1751 Scotus,
620 1711 770 1745 Parisiis
789 1711 958 1745 studuit.'’
1009 1710 1089 1745 Ael.
1114 1711 1320 1745 Reusnerus
1338 1712 1376 1745 in
1394 1711 1515 1745 Indice
1539 1711 1699 1745 Chrono-

297 1769 411 1815 logico
425 1780 434 1803 z
456 1774 478 1789 ‘⁶
492 1768 516 1802 J
518 1780 597 1803 oan.
612 1768 716 1802 Duns
731 1767 1002 1809 Franciscanus,
1020 1773 1126 1815 gente
1140 1768 1277 1810 Scotus,
1297 1768 1433 1803 Doctor
1449 1769 1565 1803 dictus
1579 1769 1699 1803 Subti-

296 1828 352 1867 lis,
382 1827 504 1867 obiit,'’
530 1825 596 1861 &c.
662 1825 803 1860 Auctor
834 1825 1076 1860 Bibliothecae
1111 1826 1287 1861 Classicae
1321 1828 1453 1873 pagina
1487 1835 1697 1861 ecnxxxv.

299 1890 319 1905 ‘⁶
337 1884 494 1919 Joannes
512 1884 628 1926 Duns,
649 1896 671 1919 a
693 1884 812 1929 patria
835 1884 932 1918 Scoti
951 1896 1080 1918 nomen
1099 1885 1296 1919 obtinens.''
1347 1884 1484 1919 Anton.
1513 1884 1696 1919 Possevin.

298 1942 436 1988 Appar.
455 1943 552 1977 Sacr.
572 1947 659 1977 tom.
680 1952 705 1976 Ι.
724 1954 805 1988 pag.
821 1951 964 1976 CLXIX.
993 1947 1014 1962 ‘⁶
1031 1943 1055 1976 J
1057 1954 1188 1977 oannes
1206 1947 1440 1988 cognomento
1458 1942 1573 1982 Duns,
1592 1947 1698 1976 natus

295 2002 334 2035 in
351 2002 521 2036 ulteriore
540 2001 732 2036 Britannia
754 2001 798 2034 ad
822 1999 1056 2045 calydoniam
1079 2000 1237 2046 Sylvam,
1265 2013 1286 2035 a
1309 2003 1426 2045 patria
1449 2001 1544 2034 Scoti
1569 2012 1698 2035 nomen

297 2060 336 2094 in
354 2060 483 2094 scholis
502 2060 692 2094 obtinuit.''
719 2058 742 2092 J
745 2070 822 2092 oan.
838 2057 1010 2092 Aventin.
1026 2059 1086 2093 lib.
1101 2068 1155 2092 V1.
1170 2058 1303 2093 Annal.
1318 2058 1493 2092 Boiai-ior.
1531 2063 1553 2078 ⁶‘
1566 2058 1623 2092 Eo
1637 2070 1699 2093 au-

296 2123 373 2152 tore
387 2118 458 2152 duo
470 2118 790 2162 Peripateticorum
805 2116 1116 2150 Aristotelicorum
1131 2128 1262 2163 genera
1275 2128 1350 2150 esse
1361 2121 1570 2161 coeperunt3
1585 2128 1698 2150 unum

298 2177 387 2210 illud
407 2181 523 2217 vetus,
543 2176 698 2220 locuples
717 2175 753 2208 in
772 2174 877 2208 rebus
896 2176 1134 2218 procreandis,
1154 2176 1250 2219 quod
1275 2175 1460 2208 scientiam
1483 2175 1551 2209 sibi
1577 2186 1698 2208 rerum

298 2234 474 2274 vendicat,
502 2233 731 2278 quamobrem
759 2232 885 2265 Reales
908 2236 1106 2273 vocantur3
1134 2243 1268 2266 novum
1295 2232 1391 2276 quod
1417 2243 1494 2265 eam
1519 2231 1699 2271 distrahit,

299 2291 508 2326 Nominales
526 2292 605 2325 ideo
624 2290 833 2335 nuncupati,
851 2290 947 2334 quod
965 2291 1064 2323 avari
1082 2301 1214 2329 rerum,
1232 2290 1373 2335 prodigi
1387 2290 1574 2323 nominum
1592 2294 1699 2334 atque

298 2350 500 2390 notionum,
519 2349 710 2383 verborum
729 2348 899 2382 videntur
916 2358 991 2381 esse
1009 2352 1212 2382 assertores.
1265 2347 1308 2381 In
1326 2347 1422 2381 hisce
1440 2347 1578 2381 duobus
1596 2358 1701 2393 gene-

298 2408 397 2442 ribus
416 2408 605 2441 dissidium
624 2411 659 2441 et
677 2407 810 2440 bellum
834 2406 937 2439 civile
960 2411 1025 2440 est.
1078 2406 1179 2439 Illius
1204 2405 1363 2440 Thomas
1384 2404 1548 2450 Aquinas
1574 2405 1699 2445 Italus,

299 2470 334 2499 et
359 2465 515 2499 Joannes
542 2464 646 2499 Duns
673 2463 811 2504 Scotus,
839 2462 949 2509 hujus
975 2462 1191 2498 Wilhelmus
1215 2463 1442 2497 Occamensis
1461 2463 1614 2510 Anglus,
1638 2474 1699 2496 an-

1637 2583 1652 2604 r
