2032 2912
688 347 864 379 GENTIS
889 346 1165 386 SCOTORUM,
1190 347 1279 379 LIB.
1302 348 1379 380 VII.
1668 350 1728 380 311

836 500 872 534 S.
900 499 1107 534 GOLGUS.
1161 502 1243 538 578.

343 614 378 647 S.
394 613 571 654 Gomms,
586 614 642 647 vir
656 614 853 660 religiosus,
869 615 1063 659 discipulus
1077 614 1113 648 S.
1128 614 1331 656 Columbae,
1345 627 1385 650 ac
1399 616 1601 650 monachus.
1652 616 1729 650 Me-

343 672 449 705 minit
479 671 515 705 S.
542 670 777 705 Adamannus
803 671 863 706 lib.
894 680 954 706 111.
980 672 1024 706 de
1049 671 1135 706 Vita
1161 671 1197 706 S.
1225 671 1416 707 Columbae
1441 684 1521 719 pag.
1549 681 1666 707 XXIV.
1693 678 1728 707 et

344 729 404 762 lib.
425 738 450 762 1.
470 729 520 763 ait
537 740 573 762 se
591 729 634 762 de
652 729 712 762 illo
731 728 944 762 mentionem
963 728 1108 768 fecisse3
1128 729 1188 762 sed
1206 729 1428 770 interierunt,
1446 735 1487 764 ut
1504 735 1602 775 puto,
1622 741 1727 775 quae-

344 786 425 819 dam
444 786 539 820 illius
559 786 686 831 operis,
704 797 817 831 neque
835 786 930 820 enim
948 787 1021 820 ulla
1038 787 1080 819 de
1098 785 1212 832 Golgo
1229 786 1345 830 primo
1362 787 1452 821 libro
1476 786 1583 821 verba
1609 788 1648 821 in
1671 798 1727 821 co-

343 843 480 877 dicibus
497 843 559 888 qui
578 848 712 883 extant,
731 854 794 877 nec
812 843 902 877 alius
920 844 1108 888 quispiam,
1127 844 1222 888 quod
1246 844 1365 884 sciam,
1391 845 1563 878 meminit.
1617 843 1726 878 Puta-

344 906 404 934 tur
421 901 549 935 alicubi
567 901 820 934 monasterium
839 901 933 945 apud
951 900 1071 935 Pictos
1089 901 1232 935 rexisse.
1285 900 1434 946 Scripsit

493 959 668 992 Miracula
686 958 878 993 Columbae
894 958 1057 1004 magistri
1278 958 1340 993 lib.
1361 967 1386 993 1.

394 1015 497 1050 Vixit
514 1027 608 1050 anno
627 1024 736 1049 DCVI.

755 1130 791 1164 S.
819 1129 1177 1166 GEREBERNUS.
1232 1134 1314 1171 579.

346 1246 381 1280 S.
402 1245 684 1280 GEREBERNUS
710 1245 846 1286 Scotus,
869 1246 905 1280 S.
929 1246 1067 1291 Asaphi
1094 1246 1190 1281 Scoti
1212 1247 1405 1291 discipulus
1432 1249 1468 1282 in
1495 1252 1652 1281 extrema
1678 1258 1728 1281 se-

345 1308 456 1342 necta,
475 1314 515 1337 ac
532 1303 568 1337 S.
589 1303 732 1337 Philani
749 1304 876 1343 socius,
894 1304 1080 1349 presbyter
1097 1305 1192 1338 vitae
1205 1305 1500 1351 religiosissimae,
1515 1309 1556 1338 ut
1569 1304 1728 1349 loquitur

347 1361 421 1394 vita
438 1360 473 1394 S.
494 1361 636 1394 Philani
656 1360 692 1394 in
711 1360 983 1400 Scotichronico,
1003 1366 1037 1395 et
1056 1362 1281 1395 Breviarium
1299 1361 1575 1396 Dumblanense.
1627 1361 1728 1394 More

346 1418 377 1450 ei
396 1420 513 1452 seculo
531 1418 664 1451 usitato
682 1418 835 1462 patriam
860 1429 940 1451 cum
966 1419 1138 1464 magistro
1164 1419 1202 1451 in
1220 1418 1389 1452 &valliam
1411 1419 1625 1462 relinquens,
1650 1428 1730 1461 pro-

346 1475 458 1509 fectus
485 1475 567 1508 inde
590 1475 627 1508 in
647 1474 870 1514 Hiberniam,
888 1474 950 1508 ubi
968 1475 1082 1521 reguli
1101 1475 1196 1509 illius
1213 1474 1322 1508 filiam
1340 1474 1545 1519 Dympnam
1563 1475 1604 1509 ad
1626 1473 1732 1508 fidem

348 1533 534 1572 convertit,
553 1536 588 1566 et
606 1532 651 1566 ad
668 1532 887 1578 virginitatis
905 1536 1076 1576 perpetuo
1099 1532 1359 1566 conservandae
1381 1537 1503 1566 votum
1529 1531 1727 1566 faciendum

350 1590 515 1630 induxit3
543 1594 578 1624 et
596 1600 675 1623 cum
694 1600 735 1623 ea
752 1589 977 1633 postmodum
996 1589 1040 1623 ad
1057 1589 1239 1624 libidinem
1257 1589 1302 1623 ab
1318 1590 1517 1623 incestuoso
1540 1593 1640 1633 patre
1663 1599 1728 1622 suo

350 1648 482 1681 carnali
513 1651 548 1681 et
578 1647 764 1680 idololatra
791 1646 943 1680 invitata
971 1650 1073 1686 esset,
1102 1646 1214 1680 suasit
1242 1646 1481 1679 sanctissimae
1511 1646 1642 1691 virgini
1675 1657 1733 1687 soff-

347 1707 422 1739 lum
441 1708 615 1738 verteret:
642 1703 703 1736 illa
721 1707 756 1736 et
773 1703 942 1746 puritatis
960 1703 1107 1743 conscia,
1126 1706 1161 1736 et
1182 1702 1337 1736 furorem
1355 1702 1484 1736 ethnici
1504 1703 1671 1742 vitatura,
1691 1702 1726 1735 in

347 1762 502 1796 Scotiam
520 1761 672 1807 trajecit,
692 1765 727 1795 et
746 1761 790 1794 ad
808 1760 929 1794 cellam
950 1760 984 1794 S.
1005 1760 1146 1794 Philani
1165 1759 1204 1794 in
1220 1758 1381 1804 Argadia
1397 1760 1520 1800 latuit3
1540 1760 1600 1793 sed
1619 1759 1728 1793 idolo-

347 1822 438 1854 latra
455 1819 673 1863 insequente,
692 1818 813 1851 eodem
833 1828 897 1852 suo
915 1818 1041 1852 comite
1059 1828 1099 1851 ac
1123 1816 1294 1863 magistro
1318 1815 1353 1850 S.
1374 1815 1574 1850 Gereberno
1591 1817 1629 1850 in
1646 1816 1725 1850 Bel-

346 1879 446 1923 gium
464 1876 705 1922 abnavigavit,
728 1874 790 1908 ubi
808 1875 951 1909 tandem
969 1885 1049 1908 cum
1067 1886 1108 1909 eo
1134 1874 1277 1908 Christo
1295 1874 1477 1907 immolata
1501 1885 1565 1918 per
1589 1878 1725 1918 patrem

347 1937 446 1970 illum
466 1945 582 1973 suum,
601 1933 775 1967 idolorum
795 1933 976 1973 cultorem,
993 1936 1027 1966 et
1040 1932 1122 1978 igne
1136 1930 1287 1965 nefando
1304 1931 1532 1975 prurientem.
1548 1930 1726 1975 Martyro-

348 1995 417 2038 log.
437 1991 589 2025 Roman.
609 1999 678 2024 XV.
698 1990 799 2030 Maii,
817 1989 947 2023 Petrus
966 1989 1228 2023 Cameracensis
1245 1989 1377 2022 relatus
1395 1999 1417 2022 a
1433 1987 1537 2022 Surio
1559 1992 1644 2022 tom.
1666 1996 1724 2021 111.

347 2057 427 2095 post
444 2049 538 2083 hunc
558 2047 724 2082 Molanus
742 2048 779 2081 in
797 2047 954 2081 Natalib.
973 2046 1034 2080 SS.
1053 2045 1193 2092 Belgii3
1222 2056 1265 2079 ex
1282 2045 1410 2090 quibus
1433 2045 1596 2079 omnibus
1614 2045 1724 2089 liquet

351 2104 577 2141 ffirlandiam
595 2109 690 2145 tunc,
709 2116 771 2139 seu
792 2104 1014 2144 Hiberniam,
1036 2112 1095 2138 cc.
1114 2114 1224 2137 annos
1242 2107 1322 2147 post
1339 2102 1375 2136 S.
1394 2102 1589 2137 Patricium
1607 2101 1727 2135 infide-

349 2168 416 2199 lem
435 2163 680 2208 permansisse,
699 2162 855 2206 adeoque
872 2163 1012 2207 regulos
1031 2161 1125 2206 ipsos
1142 2161 1244 2195 idolis
1262 2160 1472 2194 immolasse.
1517 2159 1584 2193 Sed
1602 2158 1646 2193 ad
1661 2158 1728 2192 Ge-

347 2221 535 2256 rebernum
552 2220 666 2259 redeo,
685 2219 746 2263 qui
765 2229 843 2252 cum
863 2218 1033 2263 discipula
1051 2230 1114 2253 sua
1136 2219 1174 2252 in
1197 2217 1392 2252 Brabantia
1414 2217 1625 2263 martyrium
1650 2227 1726 2260 per-

348 2289 481 2323 pessuS,
500 2288 581 2311 cum
600 2277 720 2311 eadem
739 2276 869 2309 meruit
887 2275 1082 2319 praemium
1100 2275 1258 2310 coeleste.
1310 2273 1460 2319 Scripsit

497 2334 555 2368 Ad
575 2334 781 2379 Dympnam
801 2332 1066 2367 Institutionem
1326 2331 1386 2365 lib.
1406 2340 1431 2365 1.

496 2392 567 2425 Pro
586 2402 670 2426 vero
689 2391 757 2425 Dei
776 2390 885 2424 Cultu
1327 2389 1388 2423 lib.
1407 2397 1432 2422 1.

981 2449 1003 2480 2
1022 2455 1046 2480 Τ
