2032 2912
349 301 412 332 248
733 296 965 330 HISTORIA
989 295 1362 329 ECCLESIASTICA

793 449 829 483 s,
856 425 1163 484 ENGLATIUS.
1189 485 1191 487 ,
1216 450 1300 484 454.

351 567 387 601 S.
406 566 664 606 ENG1.AT1US‚
682 565 968 610 incomparabilis
994 565 1090 599 vitae
1115 565 1210 610 apud
1236 568 1414 600 nostrates
1432 566 1592 607 antistes,
1619 568 1741 602 eodem

352 625 467 658 seculo
484 634 565 657 cum
583 623 772 663 Moveano,
799 623 964 663 Medano,
991 622 1139 663 Blaano,
1166 627 1201 657 et
1223 622 1400 663 Colmoco‚
1427 624 1535 658 etiam
1553 625 1741 670 episcopali

350 682 465 728 gloria
482 681 697 722 clarissimis,
720 680 891 727 Congano
908 680 1045 721 abbate,
1072 685 1107 715 et
1132 679 1288 727 Vigiano
1309 681 1493 722 monacho,
1519 693 1595 716 rem
1621 682 1743 717 Chris-

351 740 486 773 tianam
504 740 694 784 promovit,
722 743 757 773 et
775 739 955 774 ecclesiam
973 738 1193 773 sanctissime
1211 738 1489 774 administravit.
1542 740 1591 775 H.
1611 740 1740 775 Boeth.

352 797 412 831 lib.
433 806 490 831 XI.
511 796 608 831 Hist.
628 796 721 832 Scot.
774 796 883 831 Hunc
900 801 936 831 et
953 796 1241 831 Scotichronicon
1258 796 1297 830 in
1314 802 1454 832 sanctos
1480 799 1633 833 relatum
1659 800 1743 833 scri-

352 855 415 895 bit,
434 859 469 890 et
486 856 601 890 multa
617 856 713 900 apud
729 859 906 889 nostrates
923 855 1057 899 templa
1072 853 1161 894 Deo,
1187 854 1255 888 sub
1272 854 1495 890 invocatione
1513 855 1638 900 ipsius,
1661 867 1743 891 con-

351 917 487 948 secrata
503 915 712 958 loquuntur,
732 914 794 947 sed
816 912 1002 947 silentibus
1027 911 1305 958 martyrologiis,
1330 923 1402 956 quo
1427 913 1484 947 die
1509 914 1646 948 colatur
1670 925 1743 948 non

348 973 474 1016 reperi.
526 971 675 1016 Scripsit

495 1028 668 1063 Lecturas
686 1028 810 1063 Sacras
1237 1027 1299 1061 lib.
1321 1036 1347 1061 Ι.

497 1086 701 1131 Scripturae
719 1086 944 1120 Scrutinium
1235 1085 1298 1119 lib.
1319 1094 1345 1119 1.

494 1143 677 1188 Epistulas
695 1145 740 1178 ad
758 1144 875 1178 varios
1241 1143 1302 1178 lib.
1323 1152 1349 1178 1.

398 1201 565 1236 Florebat
583 1213 676 1236 anno
695 1211 771 1236 MX.
824 1201 965 1236 Colitur
982 1209 1099 1236 XXVI.
1119 1200 1296 1246 Septemb.
1317 1210 1378 1236 111.
1398 1201 1572 1237 Novemb.

869 1374 905 1409 S.
931 1373 1084 1409 EBBA.
1137 1377 1222 1410 455.

350 1492 385 1526 S.
405 1490 531 1532 EBBA‚
556 1491 757 1526 Ethelfredi
775 1490 1057 1525 Northumbriae
1074 1491 1168 1537 regis
1187 1490 1270 1532 filia,
1287 1496 1390 1537 patre
1407 1492 1604 1534 interfecto,
1632 1496 1741 1530 velari

350 1549 464 1584 voluit
489 1549 527 1583 in
553 1549 808 1595 Coldinghensi
835 1548 973 1583 Scotiae
999 1549 1178 1590 coenobio,
1210 1560 1251 1584 ac
1281 1554 1405 1594 postea
1431 1552 1621 1587 sanctitate
1647 1553 1742 1588 vitae

351 1607 463 1641 eidem
482 1607 696 1651 praeposita,
723 1608 815 1641 mira
843 1607 1061 1641 continentia
1088 1607 1191 1641 vixit.
1245 1607 1345 1642 Haec
1370 1619 1415 1642 ne
1440 1620 1462 1642 a
1487 1608 1612 1651 Danis‚
1639 1622 1680 1645 ea
1705 1612 1744 1646 in

352 1665 468 1699 insula
481 1664 679 1698 incredibili
694 1665 876 1699 salacitate
889 1664 1198 1705 debacchantibus,
1215 1664 1386 1710 injuriam
1403 1670 1597 1710 pateretur,
1615 1678 1743 1703 nasum

353 1723 432 1763 sibi,
459 1727 494 1757 et
519 1722 658 1756 labrum
685 1723 859 1766 superius,
887 1722 984 1756 virili
1013 1723 1214 1757 constantia
1244 1724 1468 1768 amputavit;
1498 1725 1594 1769 quod
1627 1737 1744 1761 exem·

351 1782 451 1826 plum
482 1785 616 1815 ceterae
647 1781 931 1815 sanctimoniales
964 1784 1115 1820 secutae,
1146 1780 1230 1826 igne
1262 1782 1417 1816 claustro
1448 1782 1667 1819 circumdato
1698 1785 1743 1819 ad

353 1850 463 1873 unam
481 1849 602 1873 omnes
620 1843 862 1883 consumptae.
906 1837 1006 1873 Beda
1018 1837 1079 1872 lib.
1095 1847 1149 1872 IV.
1165 1837 1305 1873 Histor.
1319 1839 1526 1875 Ecclesiast.
1541 1840 1647 1877 Gent.
1666 1842 1743 1877 An-

352 1898 441 1943 glor.
457 1907 531 1941 cap.
548 1905 637 1930 XIX.
677 1895 922 1942 Chorograph.
938 1896 1078 1931 Britan.
1093 1908 1173 1943 pag.
1188 1905 1300 1931 DCIX.
1341 1897 1549 1933 Matthaeus
1563 1898 1743 1935 Westmo-

351 1954 579 1989 nasteriensis
614 1955 658 1988 ad
693 1965 827 1988 annum
858 1963 1064 1989 DCCCLXX.
1100 1954 1269 2000 Polydor.
1301 1955 1431 2002 Virgil.
1462 1956 1523 1991 lib.
1556 1966 1611 1991 IV.
1644 1958 1741 1993 Hist.

352 2012 460 2058 Angl.
507 2011 687 2046 Ecclesiae
705 2011 925 2058 Anglicanae
944 2012 1185 2057 Trophaeum,
1203 2013 1360 2059 imagine
1379 2022 1482 2048 XVII.
1527 2013 1589 2049 An
1607 2016 1741 2061 aliquid

352 2070 543 2114 scripserit,
564 2070 712 2116 ign01·0;
733 2074 826 2104 certe
844 2082 888 2104 ne
906 2071 1021 2115 apices
1039 2071 1181 2116 quidem
1201 2082 1348 2115 operum
1367 2073 1411 2106 ad
1428 2084 1485 2107 me
1502 2080 1743 2117 pervenerunt

354 2128 428 2161 uui.
481 2127 535 2162 De
553 2140 594 2162 ea
610 2128 634 2161 J
636 2139 766 2162 oannes
785 2128 889 2162 Felix
906 2127 1071 2163 Astolfus
1089 2140 1183 2163 novo
1201 2128 1425 2175 Legendario
1443 2131 1488 2165 ad
1512 2131 1606 2165 diem
1633 2141 1740 2167 XXII.

354 2184 522 2230 Augusti,
550 2197 594 2219 ex
621 2186 858 2220 Cantiuncula
884 2186 1007 2220 Maffei
1034 2186 1191 2228 Venieri,
1218 2188 1473 2234 archiepiscopi
1500 2189 1741 2235 Corcyrensis,

354 2243 627 2287 elegantissima,
661 2243 723 2278 ubi
758 2249 923 2288 corrupte
966 2242 1157 2290 Collingan
1195 2257 1261 2290 pro
1304 2244 1542 2293 Coldinglmm
1578 2248 1739 2283 habetur.

355 2298 496 2333 Colitur
514 2300 552 2332 in
569 2299 713 2346 Anglia‚
732 2301 794 2335 ubi
812 2302 981 2346 oppidum
1004 2301 1058 2336 St.
1077 2300 1160 2336 Abs
1176 2314 1241 2347 pro
1259 2301 1299 2338 S.
1318 2302 1455 2339 Ebbes.

402 2355 529 2390 Relata
546 2357 584 2390 in
601 2363 739 2392 sanctos
758 2370 851 2393 anno
870 2368 1027 2394 DCXXX.
1071 2359 1254 2396 Arnoldus
1283 2361 1404 2396 Uvion
1430 2363 1522 2397 libro
1549 2372 1602 2397 IV.
1630 2363 1739 2409 Ligni

353 2411 459 2446 Vitae
485 2424 559 2458 cap.
586 2423 737 2449 XXVIII.
770 2420 805 2449 et
831 2417 891 2450 alii
918 2417 1088 2462 plerique,
1119 2419 1175 2452 vel
1202 2430 1295 2454 anno
1321 2428 1529 2454 DCCCXXX.
1561 2421 1655 2465 quod
1684 2432 1741 2454 ve-
