2032 2912
734 338 910 371 GENTIS
936 339 1214 378 SCOTORUM,
1240 340 1328 372 LIB.
1354 342 1412 373 VI.
1697 343 1761 373 287

373 431 420 465 lia
437 431 595 471 docebat,
619 431 881 467 Ambianorum
900 434 1037 477 primus
1061 435 1278 479 episcopus.”
1329 435 1434 469 Certe
1453 447 1493 469 ea
1510 440 1624 469 aetate
1642 437 1760 470 nullus

374 489 556 523 Hibernus
575 489 679 523 fidem
699 489 834 524 Christi
859 497 1073 535 perceperat,
1098 496 1161 525 aut
1185 493 1358 538 evangelii
1384 494 1505 526 lumen
1530 498 1759 537 persenserat,

371 552 412 580 ut
440 547 495 580 vel
523 547 610 591 ipsis
638 546 834 581 fatentibus
854 547 1040 582 Hirlandis
1059 549 1242 590 evincam;
1271 561 1353 583 nam
1379 562 1492 595 neque
1520 550 1556 584 S.
1583 550 1760 585 Patricius

372 603 508 645 Scotus,
527 604 598 639 imo
617 616 680 638 nec
698 605 825 638 ancilla
849 605 910 639 illa
935 605 1069 639 Pictica
1095 611 1179 639 nata
1205 611 1291 647 erat,
1320 619 1411 651 quae
1437 609 1551 652 prima
1578 608 1760 654 religionis

371 672 475 695 verae
493 662 531 695 in
548 673 626 696 eam
645 662 798 695 insulam
816 663 1033 697 mentionem
1051 662 1186 703 intulit,
1214 669 1255 697 ut
1283 664 1328 698 R.
1355 664 1569 699 Edmundus
1597 665 1759 710 Campia-

370 729 448 758 nus,
468 730 511 752 ex
530 730 570 753 eo
590 719 714 753 itidem
732 717 868 753 Anton.
888 719 1070 766 Maginus,
1089 720 1302 761 Camdenus,
1321 726 1356 756 et
1374 723 1446 763 alii,
1467 723 1587 757 testati
1604 733 1612 756 :
1639 734 1759 767 super-

370 780 423 809 est
442 776 555 822 igitur
572 777 610 811 in
628 776 747 811 Scotia
764 781 806 810 ut
823 782 929 812 natus
948 778 1005 811 sit.
1060 777 1211 823 Scripsit

518 833 698 868 Homilias
717 835 761 868 ad
781 834 960 879 Populum
1259 836 1319 870 lib.
1341 846 1366 870 1.

518 891 701 936 Epistolas
719 893 763 926 ad
782 892 940 927 diversos
1261 894 1320 928 lib.
1343 903 1367 927 1.

518 948 573 982 De
590 949 776 984 incarnato
794 949 914 984 Verbo
1260 952 1320 986 lib.
1343 961 1368 985 Ι.

420 1007 560 1041 Floruit
581 1018 674 1041 anno
692 1016 889 1041 CCXCVIII.
916 1007 1101 1042 familiaris
1121 1008 1182 1042 SS.
1202 1009 1421 1055 Guthagono
1446 1014 1480 1044 et
1503 1010 1655 1050 Macrae,
1680 1022 1758 1044 cum

370 1064 501 1109 quibus
520 1065 663 1098 videtur
676 1064 795 1099 Scotia
808 1066 1021 1107 excessisse3
1050 1077 1132 1100 nam
1151 1068 1218 1101 sub
1236 1068 1355 1100 eodem
1375 1068 1536 1111 praeside
1554 1068 1760 1102 Rictionaro

370 1127 403 1156 et
425 1122 485 1155 illa
504 1127 538 1156 et
557 1122 625 1156 iste
643 1123 749 1166 passi,
772 1128 807 1157 et
824 1123 967 1167 quidem
992 1124 1115 1157 eodem
1139 1136 1232 1158 anno
1251 1133 1335 1158 ccc.
1362 1125 1422 1158 sed
1448 1125 1547 1159 vario
1570 1125 1648 1166 die3
1675 1125 1760 1158 haec

372 1189 425 1213 VI.
444 1179 468 1213 J
470 1180 620 1220 anuarii‚
639 1185 680 1214 ut
698 1181 736 1214 in
755 1180 1016 1227 Martyrologio
1032 1181 1206 1222 Romano,
1224 1182 1290 1215 iste
1307 1189 1405 1215 XXV.
1421 1181 1598 1226 Septemb.
1624 1182 1757 1216 Molan.

371 1238 415 1271 ad
434 1237 652 1272 Usuardum.
691 1237 799 1272 Ghin.
834 1237 927 1272 Acta
950 1239 1113 1273 ecclesiae
1133 1238 1398 1280 Ambianensis,
1425 1250 1514 1283 quae
1532 1240 1616 1274 olim
1635 1239 1760 1274 Ambi-

371 1296 435 1335 tui,
455 1300 489 1330 et
507 1294 620 1341 Legio
638 1304 763 1329 XXIII.

782 1411 818 1445 S.
846 1411 1208 1446 FORANNANUS.
1261 1415 1344 1447 523.

373 1531 396 1547 “
415 1527 449 1561 S.
471 1527 771 1567 FORANNANUS,
795 1527 1079 1572 archiepiscopus
1103 1526 1320 1567 Scotorum,”
1347 1528 1397 1562 ait
1414 1528 1581 1562 Molanus
1600 1528 1760 1562 Indiculo

371 1584 583 1619 Sanctorum
601 1584 718 1630 Belgii
737 1596 819 1631 pag.
839 1594 938 1618 XXV.
957 1585 1023 1619 hoc
1041 1590 1105 1626 est,
1123 1591 1164 1620 ut
1181 1586 1242 1619 illo
1266 1597 1353 1619 aevo
1377 1586 1623 1630 loquebantur,
1651 1586 1761 1619 maxi-

371 1653 450 1676 mus
469 1642 655 1676 Scotorum
675 1643 871 1686 episcopus.
908 1642 1082 1676 Boethius
1096 1648 1131 1676 et
1145 1643 1217 1676 alii.
1254 1642 1390 1676 Eodem
1409 1643 1513 1676 modo
1527 1643 1587 1676 SS.
1607 1643 1760 1676 Livinus

372 1705 407 1733 et
434 1700 635 1733 Rumoldus
662 1699 849 1733 Scotorum
876 1699 1129 1744 archiepiscopi
1155 1700 1335 1740 dicuntur,
1362 1710 1433 1733 non
1459 1701 1553 1744 quod
1579 1712 1620 1733 ea
1645 1705 1759 1733 aetate

370 1758 527 1802 dignitas
546 1768 587 1791 ea
604 1757 782 1797 instituta,
805 1761 868 1791 aut
892 1757 1042 1801 pallium
1066 1768 1281 1798 concessum,
1309 1757 1369 1790 sed
1400 1757 1484 1802 quia
1509 1758 1569 1791 isti
1594 1757 1757 1791 omnibus

371 1815 450 1849 aliis
485 1814 657 1859 episcopis
692 1814 927 1859 imperabant,
962 1819 1003 1848 ut
1037 1815 1282 1859 metropolitae
1318 1815 1391 1849 suis
1426 1815 1681 1861 suffraganei83
1725 1820 1758 1848 et

370 1873 458 1918 quid
479 1873 574 1919 juris
600 1873 658 1907 hic
685 1872 900 1907 Hirlandis?
928 1873 990 1918 qui
1016 1883 1079 1906 nec
1105 1877 1262 1917 tempore
1290 1872 1326 1906 S.
1354 1872 1559 1907 Forannani
1584 1884 1647 1907 nec
1673 1881 1758 1906 cce.

369 1936 451 1975 post
480 1931 584 1965 annis
613 1931 894 1975 archiepiscopos
920 1931 1011 1964 ullos
1037 1935 1254 1974 receperunt,
1280 1935 1323 1964 ut
1349 1941 1392 1964 ex
1418 1930 1659 1964 illustrissimo
1689 1929 1759 1964 Ba-

370 1989 474 2023 ronio
500 1993 535 2022 et
553 1988 815 2022 Flateburiensi
842 1988 990 2033 probavi
1018 1987 1078 2021 lib.
1099 1997 1141 2021 11.
1166 1987 1341 2033 Apparat.
1361 2000 1437 2033 cap.
1458 1996 1576 2022 XVIII.
1629 1987 1696 2022 Sed
1715 1988 1759 2022 ad

370 2046 405 2081 S.
434 2048 551 2086 redeo,
581 2047 624 2080 de
652 2057 723 2091 quo
754 2045 1012 2081 Constantinus
1043 2044 1197 2080 Ghinius
1223 2057 1304 2092 pag.
1333 2055 1470 2080 XXIIX.
1499 2051 1519 2065 “
1543 2045 1759 2080 Walsiodori

371 2105 546 2149 depositio
567 2104 609 2137 B.
630 2104 836 2138 Forannani
854 2103 1020 2148 episcopi,
1044 2103 1106 2147 qui
1131 2104 1169 2137 in
1194 2103 1311 2138 Scotia
1329 2104 1439 2138 nobili
1457 2104 1621 2148 prosapia
1640 2104 1759 2137 oriun-

371 2162 449 2200 dus,
468 2161 612 2206 optimis
630 2161 799 2201 moribus,
821 2165 856 2195 et
873 2161 986 2194 literis
1004 2160 1174 2201 imbutus,
1192 2161 1230 2194 in
1247 2163 1378 2195 clerum
1397 2162 1539 2201 ascitus,
1565 2161 1635 2195 fuit
1653 2162 1760 2195 etiam

371 2219 502 2252 ibidem
525 2224 748 2252 consecratus
767 2219 969 2263 episcopus;
995 2218 1076 2251 inde
1095 2223 1185 2253 nutu
1204 2224 1239 2253 et
1262 2219 1395 2253 auxilio
1419 2219 1541 2252 divino
1566 2219 1603 2252 in
1627 2218 1760 2252 Gallias

373 2278 481 2316 venit,
511 2281 545 2310 et
573 2276 711 2320 primus
738 2276 844 2310 abbas
871 2276 1001 2310 electus
1024 2280 1077 2309 est
1095 2275 1208 2309 Vallis
1227 2275 1415 2310 Decorae.’'
1467 2277 1581 2310 Miror
1599 2277 1685 2321 quid
1703 2277 1760 2310 hic

376 2334 573 2368 Hirlandus
600 2334 785 2374 mendicet,
812 2344 892 2367 cum
918 2344 1039 2367 omnes
1057 2344 1100 2367 ex
1119 2333 1251 2368 tabulis
1275 2333 1592 2369 Valvidorensibus
1616 2333 1760 2369 Scotum

374 2397 544 2426 asserant.
597 2391 748 2436 Scripsit

521 2450 706 2484 Sermones
725 2449 762 2483 in
782 2448 987 2483 Passionem
1263 2449 1323 2484 lib.
1344 2459 1368 2483 1.

1034 2509 1055 2540 2
1076 2515 1096 2539 P
