2032 2912
716 346 891 379 GENTIS
915 346 1194 385 SCOTORUM,
1220 347 1309 379 LIB.
1336 347 1394 379 IV.
1687 348 1747 378 201

359 439 483 474 Scotos
501 451 542 475 eo
560 451 706 474 munere
724 440 899 475 functum.
950 440 1045 487 Ejus
1064 446 1171 476 sunt:

503 498 688 543 Epistolae
707 507 751 532 11.
769 498 814 532 ad
833 498 1058 532 Machorium
1537 499 1598 533 lib.
1617 508 1643 533 1.

503 556 559 590 De
576 555 818 599 componendo
836 554 953 600 Regni
972 554 1087 596 Statu,
1106 556 1150 590 ad
1169 555 1347 590 Achaium
1367 556 1514 602 Regem,
1538 557 1599 591 lib.
1620 567 1644 591 1.
1692 556 1749 591 Ea

551 613 647 646 enim
665 616 780 645 aetate
797 612 943 646 lethales
961 613 1055 646 inter
1077 614 1266 657 optimates
1290 613 1503 648 fovebantur
1526 614 1745 654 inimicitiae,

551 670 614 704 vix
631 680 790 713 unquam
808 669 950 703 sedatae
967 670 1055 704 citra
1069 671 1275 704 alterutrius
1289 670 1444 704 familiae
1458 671 1745 705 internecionem.

403 728 504 762 Vixit
519 727 587 761 sub
600 726 787 760 Soluathio
801 731 836 760 et
848 726 997 767 Achaio,
1017 726 1155 761 Scotiae
1169 728 1323 773 regibus,
1338 739 1431 762 anno
1446 736 1744 762 DCCCLXXXVII.

354 785 494 819 Colitur
512 785 569 819 die
587 793 681 818 xln.
700 783 926 818 Novembris.
975 783 1107 818 Adami
1127 784 1233 830 Regii
1251 784 1436 819 Calendar.
1461 791 1496 819 et
1514 785 1746 820 collectiones

357 842 484 877 Bruni.
537 842 727 886 Templum
746 842 777 875 ei
794 842 832 875 in
850 852 943 888 pago
960 841 1118 876 Banchri
1136 842 1180 876 ad
1198 841 1306 876 Diam
1324 853 1433 887 supra
1450 841 1702 877 Aberdoniam.

846 956 881 991 S.
909 955 1117 991 DIMAUS.
1170 955 1252 991 365.

353 1073 388 1107 S.
408 1073 586 1113 DIMAUS,
604 1073 640 1107 S.
659 1072 796 1119 Sigenii
813 1072 1020 1117 discipulus,
1038 1083 1131 1106 unus
1149 1084 1194 1106 ex
1210 1073 1282 1107 illis
1309 1073 1482 1117 episcopis
1500 1073 1614 1107 Scotis
1641 1074 1746 1108 habe-

353 1137 423 1171 tur,
451 1131 514 1175 qui
544 1142 608 1175 per
633 1135 750 1164 totum
776 1141 925 1175 regnum
953 1130 1042 1164 nulli
1069 1134 1183 1164 certae
1211 1131 1375 1164 ecclesiae
1406 1131 1543 1176 alligati
1572 1132 1743 1175 populum

352 1189 613 1232 praedicatione
631 1188 876 1226 erudiverunt,
902 1192 937 1221 et
963 1198 1103 1221 morum
1130 1188 1318 1221 sanctitate
1342 1189 1386 1221 ad
1414 1188 1586 1222 virtutem
1613 1193 1745 1222 attrax-

352 1251 468 1279 erunt.
518 1245 586 1280 Vir
608 1244 769 1278 moribus
786 1244 1124 1284 continentissimus,
1151 1249 1187 1278 et
1213 1245 1425 1288 apostolicae
1448 1246 1743 1280 mansuetudinis.

355 1302 402 1336 H.
423 1302 551 1337 Boeth.
570 1302 631 1336 lib.
653 1310 710 1335 1x.
728 1312 810 1346 pag.
831 1310 1002 1335 CLXXVI.
1054 1301 1147 1347 Ejus
1166 1306 1273 1335 sunt:

499 1358 684 1403 Epistolae
701 1359 746 1392 ad
765 1358 947 1392 Hilarium
965 1358 1001 1392 S.
1021 1358 1203 1392 Romanae
1218 1358 1319 1393 Sedis
1337 1359 1522 1394 Vicarium
1541 1360 1601 1394 lib.
1622 1370 1647 1394 1.

498 1416 684 1461 Epistolae
702 1416 747 1449 ad
764 1415 788 1449 J
790 1427 940 1450 oannem
959 1415 1210 1449 Primiceriuni
1541 1417 1602 1451 lib.
1622 1426 1647 1450 Ι.

499 1473 685 1518 Epistolae
703 1473 749 1506 ad
766 1472 790 1506 J
792 1484 943 1506 oannem
961 1473 996 1506 S.
1017 1472 1116 1506 Sedis
1135 1473 1388 1508 Consiliarium
1541 1475 1601 1509 lib.
1623 1484 1647 1508 1.

400 1532 542 1566 Floruit
559 1542 652 1564 anno
670 1538 842 1564 DCLXIV.
872 1530 976 1564 Joan.
996 1530 1164 1564 Leslaeus
1182 1531 1243 1564 lib.
1266 1539 1320 1565 IV.
1340 1543 1421 1577 pag.
1441 1540 1551 1566 CLIX.
1587 1532 1648 1566 SS.
1669 1534 1747 1567 albo

351 1590 538 1634 ascriptus.
586 1587 708 1622 Uvion
737 1588 798 1622 lib.
831 1597 891 1622 111.
922 1599 1003 1634 pag.
1036 1596 1225 1622 ccccxlv.
1281 1588 1421 1623 Colitur
1452 1599 1536 1624 XVI.
1572 1590 1745 1624 Novemb.

352 1646 579 1681 Breviarium
607 1644 796 1679 Scoticum.
853 1645 1041 1690 Reliquiae
1070 1646 1115 1679 ad
1138 1647 1254 1679 lacum
1277 1645 1420 1680 Levinii
1447 1649 1640 1681 translatae
1673 1657 1744 1681 nx.

352 1703 521 1749 Augusti.

822 1817 858 1851 S.
885 1816 1138 1851 DONATUS.
1191 1817 1273 1852 366.

353 1940 373 1953 “
399 1934 435 1968 S.
465 1933 677 1973 Domum,
708 1932 905 1967 Fesulanae
937 1932 1099 1966 ecclesiae
1129 1933 1347 1977 episcopus,”
1383 1934 1433 1967 ait
1463 1933 1677 1967 Anastasius
1708 1936 1743 1967 in

352 1992 476 2038 Sergio
505 1990 554 2025 ΙΙ.
589 2002 671 2037 pag.
706 1998 837 2024 cceLI.
872 1990 935 2023 diu
968 1990 1215 2035 peregrinatus
1245 1991 1414 2034 pietatem
1445 1996 1480 2025 et
1510 1991 1619 2026 bonas
1650 1999 1743 2026 artes

352 2049 508 2084 discendi
526 2049 656 2089 studio,
675 2048 817 2083 tandem
838 2046 1047 2080 Hetruriam
1069 2047 1137 2082 sibi
1161 2049 1279 2081 sedem
1304 2049 1421 2094 elegit,
1449 2049 1647 2083 eremiticae
1664 2060 1746 2094 pro-

351 2107 525 2146 fessionis,
543 2117 651 2151 quam
676 2105 743 2140 sibi
767 2109 1009 2149 proposuerat,
1028 2105 1246 2139 domicilium
1264 2105 1439 2146 futurum,
1465 2107 1525 2140 sed
1549 2106 1611 2140 diu
1634 2108 1743 2141 latere

350 2175 422 2198 non
441 2164 584 2208 potuit3
611 2167 791 2198 extractus
809 2162 902 2195 enim
922 2173 943 2195 a
960 2163 1154 2197 monastica
1171 2164 1300 2207 quiete,
1318 2164 1459 2207 publico
1477 2163 1673 2198 Fesulanae
1691 2175 1744 2198 ec-

352 2222 475 2255 clesiae
493 2221 660 2267 regimini
678 2221 854 2254 admotus.
916 2218 1012 2253 Nam
1030 2230 1110 2254 cum
1127 2219 1274 2254 Andrea
1291 2221 1418 2255 comite
1436 2221 1552 2255 Roma
1570 2222 1743 2261 rediisset,

352 2279 586 2323 deprehendit
619 2279 752 2312 clerum
793 2277 1012 2311 Fesulanum
1056 2278 1194 2324 ingenti
1234 2279 1354 2312 dolore
1396 2283 1662 2313 consternatum
1700 2280 1745 2314 ob

349 2342 500 2371 mortem
535 2337 719 2382 praesulis,
755 2337 817 2382 qui
853 2337 966 2381 pridie
1001 2341 1208 2376 excesserat,
1253 2336 1500 2380 solicitumque
1543 2337 1743 2371 reddiderat

348 2396 391 2429 de
409 2406 607 2429 successore
624 2394 854 2441 designando.
907 2393 975 2427 Sed
992 2398 1034 2428 ut
1050 2393 1215 2428 Donatus
1238 2395 1413 2438 templum
1434 2395 1628 2440 ingressuS‚
1651 2405 1744 2428 cam-

351 2463 464 2496 panae
492 2464 613 2487 omnes
643 2457 769 2498 sponte
795 2459 1003 2493 sonuerunt,
1030 2452 1222 2497 lampades,
1250 2452 1349 2487 nullo
1374 2452 1494 2499 ignem
1524 2453 1743 2491 admovente,
