2032 2912
726 337 902 371 GENTIS
926 336 1203 377 SCOTORUM,
1229 337 1318 370 LlB.
1345 337 1390 370 11.
1694 338 1754 368 111

359 435 402 468 de
428 445 465 468 se
491 432 729 478 reprehendit,
753 432 850 477 quod
874 437 948 466 tam
972 433 1192 467 virulentum
1215 433 1390 467 calamum
1414 432 1453 466 in
1476 431 1638 479 reginam
1665 432 1754 466 bene

359 492 523 525 meritam
545 490 759 530 strinxisset,
783 489 1009 534 moriensque
1032 491 1172 534 optavit
1194 496 1237 526 ut
1259 491 1435 535 tantisper
1458 494 1668 535 superesset,
1694 491 1755 525 do-

356 560 420 583 nec
448 548 605 582 maculas
633 557 723 592 quas
753 546 999 580 maledicentia
1027 546 1118 581 falso
1152 552 1360 592 asperserat,
1393 552 1559 582 revocata
1589 547 1752 588 veritate,

358 607 413 640 vel
432 604 605 651 sanguine
623 603 788 638 elueret.''
830 602 883 636 Et
899 603 945 636 ad
962 614 1047 638 ann.
1066 612 1282 638 MDvaln.
1325 608 1347 624 “
1364 603 1606 639 Buchananus
1621 605 1660 639 in
1674 604 1754 639 Mo-

356 663 447 697 ravii
471 661 579 696 verba
597 660 844 707 juratissimus
857 658 889 694 2⁹⁹
913 660 985 694 fuit
1010 661 1105 695 enim
1128 661 1224 696 inter
1247 662 1327 695 illos
1353 662 1415 706 qui
1442 667 1566 696 contra
1591 663 1752 709 reginam

357 720 559 754 Eboracum
588 718 786 763 perduelles
818 722 1071 758 convenerunt,
1102 718 1179 753 Deo
1212 718 1488 763 hominibusque
1518 720 1637 754 invisi.
1703 720 1753 754 Et

356 778 399 811 ad
435 787 569 811 annum
605 784 835 810 MCLxxxu.
871 779 893 795 “
919 774 1160 810 Buchananus
1194 775 1425 810 factiosorum
1456 787 1600 811 causam
1631 781 1754 811 contra

354 834 530 879 principes
543 834 621 880 jam
639 838 745 867 antea
761 833 956 878 suscepisse
973 833 1133 867 dolenter
1150 833 1337 880 ingemuit,
1363 838 1398 867 et
1422 835 1529 878 paulo
1553 838 1634 878 post
1652 834 1752 868 obiit.

353 892 421 926 Vir
433 892 496 937 qui
509 902 573 926 nec
586 892 693 931 coelo,
711 902 775 925 nec
793 892 879 932 solo,
896 902 962 926 nec
978 891 1096 925 seculo
1113 891 1264 931 erudito,
1282 895 1323 925 ut
1340 891 1399 925 ille
1418 891 1554 932 cecinit,
1572 896 1690 932 natus,
1709 893 1753 926 ad

354 961 534 984 summum
553 953 673 983 tamen
696 948 854 993 poeticae
875 947 1058 983 facultatis
1082 949 1223 982 culmen
1246 954 1320 983 tam
1343 948 1495 983 feliciter
1518 950 1687 989 ascendit,
1711 954 1752 983 ut

354 1012 538 1051 poetarum
558 1006 667 1053 hujus
685 1006 793 1040 seculi
811 1006 976 1051 princeps
994 1005 1123 1040 merito
1148 1005 1354 1041 habeatur.'’
1406 1006 1543 1052 Magna
1566 1018 1651 1041 sane
1674 1008 1751 1040 laus

354 1064 450 1099 Scoti
477 1076 521 1098 ex
547 1075 607 1098 ore
633 1063 757 1111 Angli,
784 1063 854 1098 nisi
879 1062 1036 1098 invidiae
1062 1068 1098 1098 et
1124 1063 1359 1109 malignitatis
1388 1064 1530 1099 hostilis
1561 1066 1634 1099 sale
1664 1069 1752 1098 tem-

354 1127 563 1166 peraretur:
593 1133 677 1156 nam
713 1132 777 1156 cur
807 1122 943 1156 coelum
973 1121 1159 1165 solumque
1189 1120 1368 1155 Scotieum
1398 1127 1594 1162 aversatur,
1624 1121 1752 1168 Angli-

353 1191 433 1214 cum
470 1181 509 1214 in
546 1180 668 1214 eadem
704 1179 823 1213 insula
858 1183 894 1213 et
930 1178 1061 1212 vicinia
1095 1178 1244 1212 laudet?
1295 1178 1399 1214 Dicet
1436 1190 1473 1214 se
1509 1180 1644 1214 nescire
1679 1191 1751 1214 cos-

353 1237 599 1283 mographus?
663 1236 768 1270 Hanc
798 1240 918 1271 tamen
947 1236 1150 1270 immerenti
1180 1235 1318 1270 Scotiae
1348 1237 1540 1281 impactam
1571 1241 1752 1272 contume-

353 1295 439 1328 liam
469 1299 524 1329 tot
554 1294 624 1328 viri
653 1293 798 1339 ingenio
828 1293 914 1327 clari
944 1293 1076 1331 eluent,
1111 1297 1146 1326 et
1180 1292 1258 1333 tibi,
1295 1298 1337 1328 ut
1372 1294 1508 1338 opinor,
1544 1295 1595 1328 mi
1629 1296 1749 1334 lector,

353 1352 441 1386 felix
466 1352 719 1396 eruditumque
744 1350 883 1385 Scotiae
908 1350 1044 1384 coelum
1076 1353 1112 1384 et
1137 1351 1252 1385 solum
1278 1362 1300 1385 a
1323 1351 1378 1385 bis
1403 1352 1500 1386 mille
1526 1356 1622 1386 retro
1647 1352 1750 1386 annis

352 1409 454 1444 facile
489 1409 775 1455 persuadebunt:
812 1408 971 1443 seculum
1009 1412 1130 1442 autem
1165 1408 1255 1442 illud
1290 1418 1354 1442 cur
1391 1409 1570 1443 eruditum
1606 1420 1681 1443 esse
1716 1414 1752 1443 et

353 1467 476 1501 haberi
506 1478 578 1501 non
610 1466 747 1507 debeat,
779 1476 861 1500 cum
890 1469 926 1499 et
955 1465 1080 1499 literae
1110 1464 1264 1500 Graecae
1289 1466 1393 1510 quasi
1419 1466 1464 1501 ab
1490 1466 1584 1501 Orco
1610 1478 1751 1501 revoca-

354 1529 422 1565 tae,
448 1529 484 1559 et
505 1524 736 1559 humaniores
760 1523 850 1558 aliae
873 1523 1008 1563 literae,
1033 1522 1180 1567 ipsaque
1202 1522 1438 1568 philosophia,
1463 1524 1653 1570 theologia,
1679 1536 1751 1559 ma-

354 1582 556 1622 thematica,
586 1581 762 1616 medicina
791 1582 844 1616 ita
873 1579 1083 1620 floruerunt,
1120 1584 1161 1614 ut
1195 1580 1357 1614 certatim
1393 1581 1487 1622 Itali,
1523 1581 1629 1622 Galli,
1664 1581 1751 1616 Ger-

353 1640 461 1680 mani,
487 1639 631 1686 Belgae,
657 1638 852 1686 Anglique,
879 1648 920 1673 ac
946 1637 1043 1672 Scoti
1068 1638 1183 1673 nostri
1208 1638 1247 1672 in
1272 1638 1309 1672 id
1336 1639 1538 1673 studiorum
1565 1644 1639 1673 tam
1663 1641 1751 1673 acri-

353 1702 407 1732 ter
430 1696 667 1737 incubuerint,
690 1701 733 1731 ut
755 1696 945 1731 vetustatis
969 1695 1164 1735 Romanae,
1188 1700 1224 1730 et
1246 1707 1374 1730 aureae
1396 1696 1509 1741 ipsius
1532 1696 1599 1731 sub
1621 1696 1748 1743 Augu-

354 1759 408 1789 sto
426 1754 564 1795 aetatis,
583 1765 668 1798 prae
685 1764 771 1788 cura
787 1753 902 1788 nostri
919 1753 1028 1787 seculi
1047 1752 1245 1793 hominum,
1263 1754 1396 1798 pudere
1412 1753 1597 1798 potuerit?
1623 1753 1749 1789 Discat

354 1823 439 1858 ergo
464 1810 607 1857 Anglus
632 1811 850 1845 moderatius
881 1810 1003 1855 loqui3
1034 1813 1070 1844 et
1100 1821 1166 1856 ego
1195 1811 1241 1845 ad
1270 1810 1530 1845 Buchananum
1560 1811 1675 1851 redeo,
1706 1812 1749 1845 de

354 1880 424 1914 quo
448 1869 542 1903 idem
566 1868 611 1902 ad
635 1879 769 1903 annum
791 1877 1036 1903 MDLXXXW.
1063 1872 1086 1887 “
1103 1867 1313 1902 Buchanani
1338 1867 1512 1908 Historia,
1537 1873 1573 1903 et
1596 1869 1639 1903 de
1660 1868 1684 1902 J
1687 1880 1748 1903 ure

356 1926 475 1973 Regni
492 1926 586 1971 apud
605 1926 727 1960 Scotos
741 1925 928 1972 Dialogus,
944 1925 1115 1970 probrosa
1132 1925 1170 1958 in
1188 1936 1319 1971 regem,
1337 1926 1415 1971 ejus
1434 1931 1597 1968 matrem,
1614 1931 1650 1961 et
1667 1938 1749 1961 con-

354 1984 507 2018 siliarios
525 1984 667 2028 scripta,
685 1983 885 2023 interdicta,
903 1987 945 2017 ut
962 1994 1053 2027 quae
1071 1983 1186 2016 multa
1209 1982 1384 2027 culpanda
1407 1987 1441 2017 et
1466 1984 1615 2020 delenda
1638 1985 1748 2019 conti-

354 2042 494 2076 neant.”
530 2041 693 2086 Satyrica
706 2040 802 2080 haec,
816 2045 852 2074 et
864 2040 1059 2085 impietatis
1073 2041 1177 2084 plena
1191 2040 1323 2084 scripta
1337 2040 1546 2076 Buchanani
1561 2046 1597 2076 et
1611 2041 1746 2076 Knoxii

354 2101 430 2145 ipse
462 2110 526 2134 rex
551 2098 705 2133 Jacobus
731 2102 807 2132 toto
832 2109 944 2144 regno
975 2109 1041 2132 suo
1069 2098 1259 2142 proscribit
1288 2102 1323 2132 et
1354 2098 1536 2139 eliminat;
1570 2110 1655 2133 nam
1685 2099 1747 2134 lib.

356 2166 398 2191 11.
428 2157 574 2191 Basilici
596 2156 686 2190 Dori
709 2167 791 2202 pag.
810 2164 902 2190 CLV.
922 2156 974 2189 ita
991 2155 1105 2189 filium
1122 2166 1228 2189 suum
1251 2167 1315 2190 rex
1338 2156 1556 2201 alloquitur:
1583 2161 1605 2177 “
1623 2157 1749 2191 Proxi-

358 2226 457 2249 mum
487 2219 551 2254 est,
580 2218 623 2248 ut
652 2218 688 2247 te
718 2214 763 2248 ad
787 2213 974 2247 lectionem
1000 2212 1084 2247 hist.
1112 2212 1410 2253 authenticarum,
1440 2218 1476 2247 et
1501 2214 1748 2261 chronologias

355 2272 567 2306 evolvendas
593 2271 771 2311 adhorter,
796 2270 1005 2315 praesertim
1030 2281 1115 2305 vero
1141 2270 1180 2304 in
1205 2270 1406 2305 domesticis
1431 2272 1563 2306 nostris
1588 2272 1747 2306 historiis

356 2334 390 2364 te
408 2328 690 2363 versatissimum
708 2339 783 2362 esse
800 2328 915 2373 cupio,
934 2339 978 2362 ne
995 2327 1044 2362 sis
1061 2328 1158 2363 domi
1175 2328 1395 2374 peregrinus,
1413 2340 1497 2363 nam
1514 2333 1550 2363 et
1567 2329 1747 2364 istiusmo-

356 2387 391 2421 di
410 2387 572 2431 exempla
588 2390 624 2420 te
648 2385 796 2430 propius
819 2385 1027 2431 attingunt3
1053 2397 1168 2431 neque
1191 2390 1311 2420 tamen
1334 2385 1488 2421 famosos
1511 2387 1590 2421 illos
1613 2387 1748 2421 libellos

356 2443 577 2484 Buchanani,
596 2448 658 2478 aut
677 2435 812 2478 Knoxii
830 2442 1007 2478 Chronica
1024 2443 1177 2490 intelligi
1194 2443 1252 2478 hic
1269 2444 1371 2479 volo:
1401 2444 1431 2479 si
1449 2444 1545 2490 quod
1566 2444 1749 2491 hujusmo-
