<?xml version="1.0" encoding="UTF-8"?>
<!DOCTYPE html PUBLIC "-//W3C//DTD XHTML 1.0 Transitional//EN"
    "http://www.w3.org/TR/xhtml1/DTD/xhtml1-transitional.dtd">
<html xmlns="http://www.w3.org/1999/xhtml" xml:lang="en" lang="en">
 <head>
  <title>
</title>
<meta http-equiv="Content-Type" content="text/html;charset=utf-8" />
  <meta name='ocr-system' content='tesseract 3.04.00' />
  <meta name='ocr-capabilities' content='ocr_page ocr_carea ocr_par ocr_line ocrx_word'/>
</head>
<body>
  <div class='ocr_page' id='page_1' title='image "./thomaedempste2101dempuoft_0118.png"; bbox 0 0 2032 2912; ppageno 0'>
   <div class='ocr_carea' id='block_1_1' title="bbox 358 292 1361 333">
    <p class='ocr_par' dir='ltr' id='par_1_1' title="bbox 358 292 1361 333">
     <span class='ocr_line' id='line_1_1' title="bbox 358 292 1361 333; baseline -0.009 0"><span class='ocrx_word' id='word_1_1' title='bbox 358 302 399 333; x_wconf 83' lang='lat'>56</span> <span class='ocrx_word' id='word_1_2' title='bbox 735 295 964 329; x_wconf 85' lang='lat' dir='ltr'>HISTORIA</span> <span class='ocrx_word' id='word_1_3' title='bbox 987 292 1361 327; x_wconf 87' lang='lat' dir='ltr'>ECCLESIASTICA</span> 
     </span>
    </p>
   </div>
   <div class='ocr_carea' id='block_1_2' title="bbox 413 385 1745 489">
    <p class='ocr_par' dir='ltr' id='par_1_2' title="bbox 413 385 1745 489">
     <span class='ocr_line' id='line_1_2' title="bbox 508 385 1398 437; baseline -0.008 -11"><span class='ocrx_word' id='word_1_4' title='bbox 508 391 793 437; x_wconf 87' lang='lat' dir='ltr'>Deplorationem</span> <span class='ocrx_word' id='word_1_5' title='bbox 813 389 950 423; x_wconf 85' lang='lat' dir='ltr'>Scotiae</span> <span class='ocrx_word' id='word_1_6' title='bbox 1290 385 1351 420; x_wconf 91' lang='lat' dir='ltr'>lib.</span> <span class='ocrx_word' id='word_1_7' title='bbox 1372 393 1398 419; x_wconf 91' lang='lat'>1.</span> 
     </span>
     <span class='ocr_line' id='line_1_3' title="bbox 413 440 1745 489; baseline -0.007 -5"><span class='ocrx_word' id='word_1_8' title='bbox 413 450 512 484; x_wconf 85' lang='lat' dir='ltr'>Obiit</span> <span class='ocrx_word' id='word_1_9' title='bbox 536 449 573 482; x_wconf 93' lang='lat' dir='ltr'>in</span> <span class='ocrx_word' id='word_1_10' title='bbox 600 451 815 482; x_wconf 85' lang='lat' dir='ltr'>tentamento</span> <span class='ocrx_word' id='word_1_11' title='bbox 841 456 904 480; x_wconf 91' lang='lat' dir='ltr'>seu</span> <span class='ocrx_word' id='word_1_12' title='bbox 929 444 1118 485; x_wconf 89' lang='lat' dir='ltr'>novitiatu,</span> <span class='ocrx_word' id='word_1_13' title='bbox 1143 448 1186 479; x_wconf 85' lang='lat' dir='ltr'>ut</span> <span class='ocrx_word' id='word_1_14' title='bbox 1210 448 1350 483; x_wconf 83' lang='lat' dir='ltr'>vocant,</span> <span class='ocrx_word' id='word_1_15' title='bbox 1378 442 1538 489; x_wconf 88' lang='lat' dir='ltr'>ejusdem</span> <span class='ocrx_word' id='word_1_16' title='bbox 1565 440 1745 476; x_wconf 88' lang='lat' dir='ltr'>societatis</span> 
     </span>
    </p>
   </div>
   <div class='ocr_carea' id='block_1_3' title="bbox 364 502 1180 547">
    <p class='ocr_par' dir='ltr' id='par_1_3' title="bbox 364 502 1180 547">
     <span class='ocr_line' id='line_1_4' title="bbox 364 502 1180 547; baseline -0.009 -5"><span class='ocrx_word' id='word_1_17' title='bbox 364 518 455 542; x_wconf 89' lang='lat' dir='ltr'>anno</span> <span class='ocrx_word' id='word_1_18' title='bbox 475 513 651 540; x_wconf 79' lang='lat' dir='ltr'>MDXCIX.</span> <span class='ocrx_word' id='word_1_19' title='bbox 669 515 733 538; x_wconf 91' lang='lat' dir='ltr'>nec</span> <span class='ocrx_word' id='word_1_20' title='bbox 750 504 825 537; x_wconf 86' lang='lat' dir='ltr'>sine</span> <span class='ocrx_word' id='word_1_21' title='bbox 843 503 985 547; x_wconf 80' lang='lat' dir='ltr'>pietatis</span> <span class='ocrx_word' id='word_1_22' title='bbox 1003 502 1180 547; x_wconf 89' lang='lat' dir='ltr'>opinione.</span> 
     </span>
    </p>
   </div>
   <div class='ocr_carea' id='block_1_4' title="bbox 745 614 1352 654">
    <p class='ocr_par' dir='ltr' id='par_1_4' title="bbox 745 614 1352 654">
     <span class='ocr_line' id='line_1_5' title="bbox 745 614 1352 654; baseline -0.003 -2"><span class='ocrx_word' id='word_1_23' title='bbox 745 615 1029 652; x_wconf 91' lang='lat' dir='ltr'>ANONYMUS</span> <span class='ocrx_word' id='word_1_24' title='bbox 1055 614 1240 650; x_wconf 88' lang='lat' dir='ltr'><strong>POETA.</strong></span> <span class='ocrx_word' id='word_1_25' title='bbox 1291 617 1352 654; x_wconf 83' lang='lat'>95.</span> 
     </span>
    </p>
   </div>
   <div class='ocr_carea' id='block_1_5' title="bbox 362 727 1748 888">
    <p class='ocr_par' dir='ltr' id='par_1_5' title="bbox 362 727 1748 888">
     <span class='ocr_line' id='line_1_6' title="bbox 362 727 1745 778; baseline -0.004 -11"><span class='ocrx_word' id='word_1_26' title='bbox 362 733 422 767; x_wconf 78' lang='grc' dir='ltr'>ΕΤ</span> <span class='ocrx_word' id='word_1_27' title='bbox 447 733 503 767; x_wconf 90' lang='lat' dir='ltr'>hic</span> <span class='ocrx_word' id='word_1_28' title='bbox 525 742 723 778; x_wconf 87' lang='lat' dir='ltr'><strong>anonymus</strong></span> <span class='ocrx_word' id='word_1_29' title='bbox 746 732 891 776; x_wconf 91' lang='lat' dir='ltr'>quidam</span> <span class='ocrx_word' id='word_1_30' title='bbox 916 730 1051 770; x_wconf 82' lang='lat' dir='ltr'>Scotus,</span> <span class='ocrx_word' id='word_1_31' title='bbox 1075 734 1180 774; x_wconf 84' lang='lat' dir='ltr'>poeta</span> <span class='ocrx_word' id='word_1_32' title='bbox 1202 729 1480 774; x_wconf 84' lang='lat' dir='ltr'>haudquaquam</span> <span class='ocrx_word' id='word_1_33' title='bbox 1504 727 1683 775; x_wconf 86' lang='lat' dir='ltr'>ignobilis,</span> <span class='ocrx_word' id='word_1_34' title='bbox 1710 727 1745 762; x_wconf 90' lang='lat' dir='ltr'>S.</span> 
     </span>
     <span class='ocr_line' id='line_1_7' title="bbox 363 784 1748 832; baseline -0.004 -7"><span class='ocrx_word' id='word_1_35' title='bbox 363 790 455 825; x_wconf 90' lang='lat' dir='ltr'>Galli</span> <span class='ocrx_word' id='word_1_36' title='bbox 472 790 664 824; x_wconf 88' lang='lat' dir='ltr'>monachus</span> <span class='ocrx_word' id='word_1_37' title='bbox 681 790 720 823; x_wconf 92' lang='lat' dir='ltr'>in</span> <span class='ocrx_word' id='word_1_38' title='bbox 738 788 924 828; x_wconf 84' lang='lat' dir='ltr'>Helvetiis,</span> <span class='ocrx_word' id='word_1_39' title='bbox 943 791 1091 832; x_wconf 83' lang='lat' dir='ltr'>putatur</span> <span class='ocrx_word' id='word_1_40' title='bbox 1116 786 1377 826; x_wconf 87' lang='lat' dir='ltr'>Hartmannus‚</span> <span class='ocrx_word' id='word_1_41' title='bbox 1400 789 1443 820; x_wconf 81' lang='lat' dir='ltr'>ut</span> <span class='ocrx_word' id='word_1_42' title='bbox 1465 796 1531 820; x_wconf 91' lang='lat' dir='ltr'>suo</span> <span class='ocrx_word' id='word_1_43' title='bbox 1554 786 1631 821; x_wconf 89' lang='lat' dir='ltr'>loco</span> <span class='ocrx_word' id='word_1_44' title='bbox 1654 784 1748 819; x_wconf 86' lang='lat' dir='ltr'>infra</span> 
     </span>
     <span class='ocr_line' id='line_1_8' title="bbox 365 842 1534 888; baseline -0.004 -7"><span class='ocrx_word' id='word_1_45' title='bbox 365 848 509 881; x_wconf 88' lang='lat' dir='ltr'>dicetur.</span> <span class='ocrx_word' id='word_1_46' title='bbox 562 845 653 880; x_wconf 84' lang='lat' dir='ltr'>Erat</span> <span class='ocrx_word' id='word_1_47' title='bbox 669 846 727 879; x_wconf 88' lang='lat' dir='ltr'>hic</span> <span class='ocrx_word' id='word_1_48' title='bbox 744 844 954 879; x_wconf 86' lang='lat' dir='ltr'>Columbani</span> <span class='ocrx_word' id='word_1_49' title='bbox 972 844 1178 888; x_wconf 89' lang='lat' dir='ltr'>discipulus,</span> <span class='ocrx_word' id='word_1_50' title='bbox 1195 847 1238 877; x_wconf 85' lang='lat' dir='ltr'>ut</span> <span class='ocrx_word' id='word_1_51' title='bbox 1256 843 1331 887; x_wconf 84' lang='lat' dir='ltr'>ipse</span> <span class='ocrx_word' id='word_1_52' title='bbox 1349 842 1534 888; x_wconf 86' lang='lat' dir='ltr'>agnoscit:</span> 
     </span>
    </p>
   </div>
   <div class='ocr_carea' id='block_1_6' title="bbox 361 912 1750 1233">
    <p class='ocr_par' dir='ltr' id='par_1_6' title="bbox 361 912 1750 1233">
     <span class='ocr_line' id='line_1_9' title="bbox 660 912 1416 952; baseline -0.004 -8"><span class='ocrx_word' id='word_1_53' title='bbox 660 915 732 944; x_wconf 89' lang='lat' dir='ltr'>Inde</span> <span class='ocrx_word' id='word_1_54' title='bbox 747 914 950 947; x_wconf 78' lang='lat' dir='ltr'>Columbanus,</span> <span class='ocrx_word' id='word_1_55' title='bbox 965 919 1061 942; x_wconf 87' lang='lat' dir='ltr'>noster</span> <span class='ocrx_word' id='word_1_56' title='bbox 1074 919 1156 952; x_wconf 81' lang='lat' dir='ltr'>pater</span> <span class='ocrx_word' id='word_1_57' title='bbox 1169 918 1256 952; x_wconf 77' lang='lat' dir='ltr'>atque</span> <span class='ocrx_word' id='word_1_58' title='bbox 1269 912 1416 951; x_wconf 81' lang='lat' dir='ltr'>magister,</span> 
     </span>
     <span class='ocr_line' id='line_1_10' title="bbox 696 959 1196 1001; baseline -0.006 -10"><span class='ocrx_word' id='word_1_59' title='bbox 696 962 821 1001; x_wconf 82' lang='lat' dir='ltr'>Alpibus</span> <span class='ocrx_word' id='word_1_60' title='bbox 834 961 963 990; x_wconf 79' lang='lat' dir='ltr'>excursis</span> <span class='ocrx_word' id='word_1_61' title='bbox 977 961 1119 999; x_wconf 72' lang='lat' dir='ltr'>acriisque</span> <span class='ocrx_word' id='word_1_62' title='bbox 1133 959 1196 993; x_wconf 85' lang='lat' dir='ltr'>viis,</span> 
     </span>
     <span class='ocr_line' id='line_1_11' title="bbox 658 1008 977 1046; baseline -0.009 -8"><span class='ocrx_word' id='word_1_63' title='bbox 658 1009 717 1038; x_wconf 85' lang='lat' dir='ltr'>Hie</span> <span class='ocrx_word' id='word_1_64' title='bbox 730 1008 822 1037; x_wconf 77' lang='lat' dir='ltr'>aderit</span> <span class='ocrx_word' id='word_1_65' title='bbox 836 1016 977 1046; x_wconf 80' lang='lat' dir='ltr'>praesens.</span> 
     </span>
     <span class='ocr_line' id='line_1_12' title="bbox 410 1070 1499 1120; baseline -0.003 -11"><span class='ocrx_word' id='word_1_66' title='bbox 410 1075 548 1119; x_wconf 83' lang='lat' dir='ltr'>Scripta</span> <span class='ocrx_word' id='word_1_67' title='bbox 565 1075 642 1120; x_wconf 92' lang='lat' dir='ltr'>ejus</span> <span class='ocrx_word' id='word_1_68' title='bbox 659 1084 773 1118; x_wconf 89' lang='lat' dir='ltr'>nuper</span> <span class='ocrx_word' id='word_1_69' title='bbox 790 1072 969 1107; x_wconf 86' lang='lat' dir='ltr'>Henricus</span> <span class='ocrx_word' id='word_1_70' title='bbox 988 1072 1165 1112; x_wconf 88' lang='lat' dir='ltr'>Canisius,</span> <span class='ocrx_word' id='word_1_71' title='bbox 1183 1080 1221 1106; x_wconf 84' lang='lat' dir='ltr'>V.</span> <span class='ocrx_word' id='word_1_72' title='bbox 1241 1080 1274 1106; x_wconf 90' lang='lat' dir='ltr'>c.</span> <span class='ocrx_word' id='word_1_73' title='bbox 1291 1070 1499 1116; x_wconf 84' lang='lat' dir='ltr'>publicavit.</span> 
     </span>
     <span class='ocr_line' id='line_1_13' title="bbox 409 1127 1750 1174; baseline -0.001 -9"><span class='ocrx_word' id='word_1_74' title='bbox 409 1131 574 1165; x_wconf 83' lang='lat' dir='ltr'>Florebat</span> <span class='ocrx_word' id='word_1_75' title='bbox 603 1131 696 1165; x_wconf 88' lang='lat' dir='ltr'>circa</span> <span class='ocrx_word' id='word_1_76' title='bbox 727 1140 861 1164; x_wconf 90' lang='lat' dir='ltr'>annum</span> <span class='ocrx_word' id='word_1_77' title='bbox 890 1137 1137 1164; x_wconf 75' lang='lat' dir='ltr'>Decccxmx.</span> <span class='ocrx_word' id='word_1_78' title='bbox 1166 1139 1250 1163; x_wconf 90' lang='lat' dir='ltr'>nam</span> <span class='ocrx_word' id='word_1_79' title='bbox 1277 1128 1473 1174; x_wconf 84' lang='lat' dir='ltr'><strong>interregni</strong></span> <span class='ocrx_word' id='word_1_80' title='bbox 1498 1127 1593 1164; x_wconf 86' lang='lat' dir='ltr'>inter</span> <span class='ocrx_word' id='word_1_81' title='bbox 1618 1127 1750 1171; x_wconf 82' lang='lat' dir='ltr'>Henri·</span> 
     </span>
     <span class='ocr_line' id='line_1_14' title="bbox 361 1185 1744 1233; baseline 0 -11"><span class='ocrx_word' id='word_1_82' title='bbox 361 1199 440 1223; x_wconf 86' lang='lat' dir='ltr'>cum</span> <span class='ocrx_word' id='word_1_83' title='bbox 467 1187 517 1222; x_wconf 90' lang='lat'>11.</span> <span class='ocrx_word' id='word_1_84' title='bbox 543 1188 791 1233; x_wconf 85' lang='lat' dir='ltr'>imperatorem</span> <span class='ocrx_word' id='word_1_85' title='bbox 817 1191 853 1222; x_wconf 87' lang='lat' dir='ltr'>et</span> <span class='ocrx_word' id='word_1_86' title='bbox 879 1185 1035 1222; x_wconf 89' lang='lat' dir='ltr'>Conradi</span> <span class='ocrx_word' id='word_1_87' title='bbox 1059 1186 1108 1221; x_wconf 87' lang='grc' dir='ltr'>ΙΙ.</span> <span class='ocrx_word' id='word_1_88' title='bbox 1132 1186 1373 1232; x_wconf 84' lang='lat' dir='ltr'>principatum</span> <span class='ocrx_word' id='word_1_89' title='bbox 1399 1185 1573 1228; x_wconf 88' lang='lat' dir='ltr'><strong>meminit,</strong></span> <span class='ocrx_word' id='word_1_90' title='bbox 1603 1187 1744 1222; x_wconf 86' lang='lat' dir='ltr'>sedente</span> 
     </span>
    </p>
   </div>
   <div class='ocr_carea' id='block_1_7' title="bbox 362 1243 772 1279">
    <p class='ocr_par' dir='ltr' id='par_1_7' title="bbox 362 1243 772 1279">
     <span class='ocr_line' id='line_1_15' title="bbox 362 1243 772 1279; baseline -0.002 0"><span class='ocrx_word' id='word_1_91' title='bbox 362 1245 497 1279; x_wconf 88' lang='lat' dir='ltr'>Romae</span> <span class='ocrx_word' id='word_1_92' title='bbox 513 1244 537 1278; x_wconf 89' lang='lat' dir='ltr'><strong>J</strong></span> <span class='ocrx_word' id='word_1_93' title='bbox 538 1256 650 1279; x_wconf 87' lang='lat' dir='ltr'>oanne</span> <span class='ocrx_word' id='word_1_94' title='bbox 667 1243 772 1279; x_wconf 91' lang='lat' dir='ltr'><strong>XIX.</strong></span> 
     </span>
    </p>
   </div>
   <div class='ocr_carea' id='block_1_8' title="bbox 824 1357 1280 1397">
    <p class='ocr_par' dir='ltr' id='par_1_8' title="bbox 824 1357 1280 1397">
     <span class='ocr_line' id='line_1_16' title="bbox 824 1357 1280 1397; baseline 0 -4"><span class='ocrx_word' id='word_1_95' title='bbox 824 1359 861 1394; x_wconf 90' lang='lat' dir='ltr'>S.</span> <span class='ocrx_word' id='word_1_96' title='bbox 887 1357 1170 1394; x_wconf 89' lang='lat' dir='ltr'><strong>ALFREDUS.</strong></span> <span class='ocrx_word' id='word_1_97' title='bbox 1222 1357 1280 1397; x_wconf 89' lang='lat'>96.</span> 
     </span>
    </p>
   </div>
   <div class='ocr_carea' id='block_1_9' title="bbox 360 1472 1751 1860">
    <p class='ocr_par' dir='ltr' id='par_1_9' title="bbox 360 1472 1751 1860">
     <span class='ocr_line' id='line_1_17' title="bbox 363 1472 1751 1520; baseline 0 -13"><span class='ocrx_word' id='word_1_98' title='bbox 363 1474 398 1507; x_wconf 88' lang='lat' dir='ltr'>S.</span> <span class='ocrx_word' id='word_1_99' title='bbox 433 1473 670 1513; x_wconf 73' lang='lat' dir='ltr'>ALFREDUS,</span> <span class='ocrx_word' id='word_1_100' title='bbox 706 1473 800 1508; x_wconf 88' lang='lat' dir='ltr'>filius</span> <span class='ocrx_word' id='word_1_101' title='bbox 833 1474 976 1518; x_wconf 87' lang='lat' dir='ltr'>spurius</span> <span class='ocrx_word' id='word_1_102' title='bbox 1011 1474 1124 1508; x_wconf 89' lang='lat' dir='ltr'>Oswii</span> <span class='ocrx_word' id='word_1_103' title='bbox 1164 1473 1259 1520; x_wconf 88' lang='lat' dir='ltr'>regis</span> <span class='ocrx_word' id='word_1_104' title='bbox 1298 1472 1667 1520; x_wconf 88' lang='lat' dir='ltr'>Nordanymbrorum,</span> <span class='ocrx_word' id='word_1_105' title='bbox 1707 1473 1751 1507; x_wconf 87' lang='lat' dir='ltr'>ab</span> 
     </span>
     <span class='ocr_line' id='line_1_18' title="bbox 362 1530 1750 1576; baseline 0 -12"><span class='ocrx_word' id='word_1_106' title='bbox 362 1530 514 1576; x_wconf 87' lang='lat' dir='ltr'>ngrido</span> <span class='ocrx_word' id='word_1_107' title='bbox 542 1530 652 1565; x_wconf 89' lang='lat' dir='ltr'>fratre</span> <span class='ocrx_word' id='word_1_108' title='bbox 683 1531 806 1575; x_wconf 91' lang='lat' dir='ltr'>pulsus</span> <span class='ocrx_word' id='word_1_109' title='bbox 836 1531 874 1565; x_wconf 90' lang='lat' dir='ltr'>in</span> <span class='ocrx_word' id='word_1_110' title='bbox 904 1531 1058 1566; x_wconf 86' lang='lat' dir='ltr'>Scotiam</span> <span class='ocrx_word' id='word_1_111' title='bbox 1089 1531 1199 1572; x_wconf 84' lang='lat' dir='ltr'>venit,</span> <span class='ocrx_word' id='word_1_112' title='bbox 1231 1530 1351 1576; x_wconf 90' lang='lat' dir='ltr'>ibique</span> <span class='ocrx_word' id='word_1_113' title='bbox 1381 1532 1464 1565; x_wconf 85' lang='lat' dir='ltr'>exul</span> <span class='ocrx_word' id='word_1_114' title='bbox 1494 1531 1617 1565; x_wconf 85' lang='lat' dir='ltr'>multis</span> <span class='ocrx_word' id='word_1_115' title='bbox 1647 1530 1750 1564; x_wconf 88' lang='lat' dir='ltr'>annis</span> 
     </span>
     <span class='ocr_line' id='line_1_19' title="bbox 362 1587 1750 1635; baseline 0 -14"><span class='ocrx_word' id='word_1_116' title='bbox 362 1587 456 1633; x_wconf 83' lang='lat' dir='ltr'>egit3</span> <span class='ocrx_word' id='word_1_117' title='bbox 493 1588 666 1621; x_wconf 84' lang='lat' dir='ltr'>exstincto</span> <span class='ocrx_word' id='word_1_118' title='bbox 692 1587 803 1622; x_wconf 86' lang='lat' dir='ltr'>fratre</span> <span class='ocrx_word' id='word_1_119' title='bbox 829 1599 892 1622; x_wconf 87' lang='lat' dir='ltr'>rex</span> <span class='ocrx_word' id='word_1_120' title='bbox 923 1593 1122 1628; x_wconf 86' lang='lat' dir='ltr'>coronatus,</span> <span class='ocrx_word' id='word_1_121' title='bbox 1153 1588 1266 1632; x_wconf 90' lang='lat' dir='ltr'>pluris</span> <span class='ocrx_word' id='word_1_122' title='bbox 1297 1587 1381 1623; x_wconf 89' lang='lat' dir='ltr'>fecit</span> <span class='ocrx_word' id='word_1_123' title='bbox 1410 1588 1612 1635; x_wconf 83' lang='lat' dir='ltr'>religiosam</span> <span class='ocrx_word' id='word_1_124' title='bbox 1638 1587 1750 1622; x_wconf 87' lang='lat' dir='ltr'>vitam</span> 
     </span>
     <span class='ocr_line' id='line_1_20' title="bbox 361 1644 1750 1690; baseline 0.001 -13"><span class='ocrx_word' id='word_1_125' title='bbox 361 1655 479 1689; x_wconf 86' lang='lat' dir='ltr'>regno,</span> <span class='ocrx_word' id='word_1_126' title='bbox 510 1649 545 1678; x_wconf 90' lang='lat' dir='ltr'>et</span> <span class='ocrx_word' id='word_1_127' title='bbox 573 1644 610 1678; x_wconf 91' lang='lat' dir='ltr'>in</span> <span class='ocrx_word' id='word_1_128' title='bbox 641 1644 796 1678; x_wconf 84' lang='lat' dir='ltr'>Scotiam</span> <span class='ocrx_word' id='word_1_129' title='bbox 826 1656 1020 1690; x_wconf 81' lang='lat' dir='ltr'>regressus,</span> <span class='ocrx_word' id='word_1_130' title='bbox 1049 1644 1260 1679; x_wconf 84' lang='lat' dir='ltr'>monachum</span> <span class='ocrx_word' id='word_1_131' title='bbox 1287 1644 1477 1679; x_wconf 86' lang='lat' dir='ltr'>Melrosiae</span> <span class='ocrx_word' id='word_1_132' title='bbox 1503 1645 1631 1684; x_wconf 88' lang='lat' dir='ltr'>induit,</span> <span class='ocrx_word' id='word_1_133' title='bbox 1658 1655 1750 1679; x_wconf 89' lang='lat' dir='ltr'>com-</span> 
     </span>
     <span class='ocr_line' id='line_1_21' title="bbox 360 1700 1748 1747; baseline 0.003 -14"><span class='ocrx_word' id='word_1_134' title='bbox 360 1701 458 1734; x_wconf 91' lang='lat' dir='ltr'>muni</span> <span class='ocrx_word' id='word_1_135' title='bbox 489 1711 529 1734; x_wconf 91' lang='lat' dir='ltr'>eo</span> <span class='ocrx_word' id='word_1_136' title='bbox 565 1702 682 1734; x_wconf 90' lang='lat' dir='ltr'>seculo</span> <span class='ocrx_word' id='word_1_137' title='bbox 706 1701 901 1735; x_wconf 19' lang='lat' dir='ltr'>&#39;literarum</span> <span class='ocrx_word' id='word_1_138' title='bbox 934 1702 1102 1746; x_wconf 92' lang='lat' dir='ltr'>emporio,</span> <span class='ocrx_word' id='word_1_139' title='bbox 1131 1701 1261 1747; x_wconf 91' lang='lat' dir='ltr'>Anglis</span> <span class='ocrx_word' id='word_1_140' title='bbox 1294 1700 1535 1747; x_wconf 86' lang='lat' dir='ltr'>Hibernisque</span> <span class='ocrx_word' id='word_1_141' title='bbox 1565 1712 1643 1735; x_wconf 87' lang='lat' dir='ltr'>cum</span> <span class='ocrx_word' id='word_1_142' title='bbox 1675 1701 1748 1737; x_wconf 87' lang='lat' dir='ltr'>fru-</span> 
     </span>
     <span class='ocr_line' id='line_1_22' title="bbox 361 1757 1749 1804; baseline 0.002 -14"><span class='ocrx_word' id='word_1_143' title='bbox 361 1761 418 1790; x_wconf 87' lang='lat' dir='ltr'>ctu</span> <span class='ocrx_word' id='word_1_144' title='bbox 436 1762 568 1801; x_wconf 89' lang='lat' dir='ltr'>aperto.</span> <span class='ocrx_word' id='word_1_145' title='bbox 622 1757 708 1792; x_wconf 89' lang='lat' dir='ltr'>Fuit</span> <span class='ocrx_word' id='word_1_146' title='bbox 725 1758 899 1798; x_wconf 86' lang='lat' dir='ltr'>literatus,</span> <span class='ocrx_word' id='word_1_147' title='bbox 926 1763 961 1793; x_wconf 91' lang='lat' dir='ltr'>et</span> <span class='ocrx_word' id='word_1_148' title='bbox 978 1760 1201 1792; x_wconf 87' lang='lat' dir='ltr'>literatorum</span> <span class='ocrx_word' id='word_1_149' title='bbox 1228 1758 1413 1793; x_wconf 90' lang='lat' dir='ltr'>hominum</span> <span class='ocrx_word' id='word_1_150' title='bbox 1440 1758 1629 1794; x_wconf 84' lang='lat' dir='ltr'>Maecenas</span> <span class='ocrx_word' id='word_1_151' title='bbox 1658 1759 1749 1804; x_wconf 92' lang='lat' dir='ltr'>opti-</span> 
     </span>
     <span class='ocr_line' id='line_1_23' title="bbox 360 1814 1049 1860; baseline 0.003 -13"><span class='ocrx_word' id='word_1_152' title='bbox 360 1825 449 1853; x_wconf 86' lang='lat' dir='ltr'>mus,</span> <span class='ocrx_word' id='word_1_153' title='bbox 468 1818 508 1848; x_wconf 86' lang='lat' dir='ltr'>ut</span> <span class='ocrx_word' id='word_1_154' title='bbox 526 1814 625 1848; x_wconf 86' lang='lat' dir='ltr'>Beda</span> <span class='ocrx_word' id='word_1_155' title='bbox 639 1815 808 1859; x_wconf 87' lang='lat' dir='ltr'>loquitur.</span> <span class='ocrx_word' id='word_1_156' title='bbox 862 1814 1049 1860; x_wconf 86' lang='lat' dir='ltr'>[Scripsit]</span> 
     </span>
    </p>
   </div>
   <div class='ocr_carea' id='block_1_10' title="bbox 506 1870 1404 2032">
    <p class='ocr_par' dir='ltr' id='par_1_10' title="bbox 506 1870 1404 2032">
     <span class='ocr_line' id='line_1_24' title="bbox 506 1870 1403 1915; baseline 0.004 -11"><span class='ocrx_word' id='word_1_157' title='bbox 506 1870 687 1915; x_wconf 87' lang='lat' dir='ltr'>Epistolas</span> <span class='ocrx_word' id='word_1_158' title='bbox 706 1871 750 1905; x_wconf 87' lang='lat' dir='ltr'>ad</span> <span class='ocrx_word' id='word_1_159' title='bbox 768 1870 1026 1906; x_wconf 89' lang='lat' dir='ltr'>Colomannum</span> <span class='ocrx_word' id='word_1_160' title='bbox 1044 1876 1079 1906; x_wconf 91' lang='lat' dir='ltr'>et</span> <span class='ocrx_word' id='word_1_161' title='bbox 1097 1882 1179 1906; x_wconf 92' lang='lat' dir='ltr'>suos</span> <span class='ocrx_word' id='word_1_162' title='bbox 1296 1873 1357 1907; x_wconf 90' lang='lat' dir='ltr'>lib.</span> <span class='ocrx_word' id='word_1_163' title='bbox 1378 1882 1403 1909; x_wconf 92' lang='lat'>1.</span> 
     </span>
     <span class='ocr_line' id='line_1_25' title="bbox 506 1927 1399 1965; baseline 0.004 -4"><span class='ocrx_word' id='word_1_164' title='bbox 506 1927 566 1961; x_wconf 92' lang='lat' dir='ltr'>Ad</span> <span class='ocrx_word' id='word_1_165' title='bbox 583 1927 812 1962; x_wconf 84' lang='lat' dir='ltr'>Adamanum</span> <span class='ocrx_word' id='word_1_166' title='bbox 829 1927 1019 1963; x_wconf 89' lang='lat' dir='ltr'>Coludium</span> <span class='ocrx_word' id='word_1_167' title='bbox 1292 1930 1353 1965; x_wconf 90' lang='lat' dir='ltr'>lib.</span> <span class='ocrx_word' id='word_1_168' title='bbox 1374 1940 1399 1965; x_wconf 94' lang='lat'>1.</span> 
     </span>
     <span class='ocr_line' id='line_1_26' title="bbox 507 1983 1404 2032; baseline 0.004 -14"><span class='ocrx_word' id='word_1_169' title='bbox 507 1984 567 2018; x_wconf 91' lang='lat' dir='ltr'>Ad</span> <span class='ocrx_word' id='word_1_170' title='bbox 586 1985 732 2019; x_wconf 86' lang='lat' dir='ltr'>Hildam</span> <span class='ocrx_word' id='word_1_171' title='bbox 752 1983 982 2020; x_wconf 86' lang='lat' dir='ltr'>Abbatissam</span> <span class='ocrx_word' id='word_1_172' title='bbox 1256 1988 1358 2032; x_wconf 88' lang='lat' dir='ltr'>epist.</span> <span class='ocrx_word' id='word_1_173' title='bbox 1378 1997 1404 2022; x_wconf 90' lang='lat'>1.</span> 
     </span>
    </p>
   </div>
   <div class='ocr_carea' id='block_1_11' title="bbox 410 2040 1452 2198">
    <p class='ocr_par' dir='ltr' id='par_1_11' title="bbox 410 2040 1452 2198">
     <span class='ocr_line' id='line_1_27' title="bbox 410 2040 1452 2083; baseline 0.005 -8"><span class='ocrx_word' id='word_1_174' title='bbox 410 2040 509 2076; x_wconf 91' lang='lat' dir='ltr'>Obiit</span> <span class='ocrx_word' id='word_1_175' title='bbox 528 2040 752 2083; x_wconf 90' lang='lat' dir='ltr'>Drisfeldiae,</span> <span class='ocrx_word' id='word_1_176' title='bbox 771 2053 865 2078; x_wconf 90' lang='lat' dir='ltr'>anno</span> <span class='ocrx_word' id='word_1_177' title='bbox 883 2051 999 2077; x_wconf 69' lang='grc' dir='ltr'><strong>Βοῦν.</strong></span> <span class='ocrx_word' id='word_1_178' title='bbox 1052 2043 1191 2079; x_wconf 87' lang='lat' dir='ltr'>Colitur</span> <span class='ocrx_word' id='word_1_179' title='bbox 1209 2053 1333 2079; x_wconf 83' lang='lat' dir='ltr'>xxln.</span> <span class='ocrx_word' id='word_1_180' title='bbox 1351 2044 1452 2080; x_wconf 87' lang='lat' dir='ltr'>Julii.</span> 
     </span>
     <span class='ocr_line' id='line_1_28' title="bbox 796 2157 1310 2198; baseline 0.006 -6"><span class='ocrx_word' id='word_1_181' title='bbox 796 2157 1199 2195; x_wconf 87' lang='lat' dir='ltr'>APOCRISIARIUS.</span> <span class='ocrx_word' id='word_1_182' title='bbox 1251 2162 1310 2198; x_wconf 88' lang='lat'>97.</span> 
     </span>
    </p>
   </div>
   <div class='ocr_carea' id='block_1_12' title="bbox 362 2270 1748 2436">
    <p class='ocr_par' dir='ltr' id='par_1_12' title="bbox 362 2270 1748 2436">
     <span class='ocr_line' id='line_1_29' title="bbox 364 2270 1748 2316; baseline 0.007 -14"><span class='ocrx_word' id='word_1_183' title='bbox 364 2270 677 2305; x_wconf 79' lang='lat' dir='ltr'>APoeRISIARIUs</span> <span class='ocrx_word' id='word_1_184' title='bbox 738 2272 882 2316; x_wconf 88' lang='lat' dir='ltr'>quidam</span> <span class='ocrx_word' id='word_1_185' title='bbox 942 2273 1194 2309; x_wconf 85' lang='lat' dir='ltr'>Benedictinus</span> <span class='ocrx_word' id='word_1_186' title='bbox 1255 2275 1402 2310; x_wconf 88' lang='lat' dir='ltr'>concilio</span> <span class='ocrx_word' id='word_1_187' title='bbox 1468 2275 1593 2311; x_wconf 86' lang='lat' dir='ltr'>Perthi</span> <span class='ocrx_word' id='word_1_188' title='bbox 1650 2276 1748 2310; x_wconf 87' lang='lat' dir='ltr'>habi-</span> 
     </span>
     <span class='ocr_line' id='line_1_30' title="bbox 362 2326 1747 2377; baseline 0.006 -17"><span class='ocrx_word' id='word_1_189' title='bbox 362 2331 399 2361; x_wconf 93' lang='lat' dir='ltr'>to</span> <span class='ocrx_word' id='word_1_190' title='bbox 435 2327 501 2361; x_wconf 83' lang='lat' dir='ltr'>sub</span> <span class='ocrx_word' id='word_1_191' title='bbox 534 2326 665 2363; x_wconf 87' lang='lat' dir='ltr'>Jacobo</span> <span class='ocrx_word' id='word_1_192' title='bbox 699 2328 736 2364; x_wconf 88' lang='lat' dir='ltr'>S.</span> <span class='ocrx_word' id='word_1_193' title='bbox 770 2328 927 2365; x_wconf 89' lang='lat' dir='ltr'>Victoris</span> <span class='ocrx_word' id='word_1_194' title='bbox 961 2332 1140 2372; x_wconf 88' lang='lat' dir='ltr'>canonico,</span> <span class='ocrx_word' id='word_1_195' title='bbox 1175 2343 1239 2377; x_wconf 88' lang='lat' dir='ltr'>per</span> <span class='ocrx_word' id='word_1_196' title='bbox 1273 2331 1429 2368; x_wconf 88' lang='lat' dir='ltr'>Scotiam</span> <span class='ocrx_word' id='word_1_197' title='bbox 1464 2337 1500 2369; x_wconf 87' lang='lat' dir='ltr'>et</span> <span class='ocrx_word' id='word_1_198' title='bbox 1536 2332 1747 2368; x_wconf 87' lang='lat' dir='ltr'>Hiberniam</span> 
     </span>
     <span class='ocr_line' id='line_1_31' title="bbox 363 2385 1748 2436; baseline 0.005 -19"><span class='ocrx_word' id='word_1_199' title='bbox 363 2385 478 2429; x_wconf 83' lang='lat' dir='ltr'>legato</span> <span class='ocrx_word' id='word_1_200' title='bbox 513 2386 712 2429; x_wconf 85' lang='lat' dir='ltr'>apostolico,</span> <span class='ocrx_word' id='word_1_201' title='bbox 746 2387 921 2431; x_wconf 86' lang='lat' dir='ltr'>interfuit,</span> <span class='ocrx_word' id='word_1_202' title='bbox 957 2387 1243 2425; x_wconf 85' lang='lat' dir='ltr'>Scotichronicon</span> <span class='ocrx_word' id='word_1_203' title='bbox 1279 2389 1340 2426; x_wconf 88' lang='lat' dir='ltr'>lib.</span> <span class='ocrx_word' id='word_1_204' title='bbox 1376 2399 1433 2426; x_wconf 82' lang='lat' dir='ltr'>lx.</span> <span class='ocrx_word' id='word_1_205' title='bbox 1470 2401 1546 2436; x_wconf 81' lang='lat' dir='ltr'>cap.</span> <span class='ocrx_word' id='word_1_206' title='bbox 1582 2399 1748 2425; x_wconf 80' lang='lat' dir='ltr'>xxxvn.</span> 
     </span>
    </p>
   </div>
  </div>
 </body>
</html>
