2032 2912
307 285 371 314 108
689 279 923 313 HISTORIA
947 277 1323 312 ECCLESIASTICA

309 378 392 412 cuit.
444 376 536 423 Ejus
555 376 599 410 ad
616 386 673 409 me
690 378 889 409 venerunt:

453 434 567 478 Super
589 431 808 478 Astrologia,
832 432 958 477 ingens
981 435 1017 465 et
1040 430 1184 466 doctum
1207 431 1376 466 volumen
1400 434 1455 465 ter
1479 429 1615 464 editum
1634 429 1703 464 La-

504 491 578 524 tine
595 493 631 523 et
649 488 793 530 Gallice,
1249 487 1311 522 lib.
1332 495 1358 521 1.

456 547 571 592 Super
589 546 845 581 Mathematica
862 545 1092 580 Genethliaca
1246 545 1307 579 lib.
1329 555 1354 579 1.

454 604 695 639 Arithmetica
1249 603 1311 637 lib.
1331 611 1356 637 1.

453 661 595 696 Musica
611 661 805 695 secundum
825 660 1027 695 Platonicos
1246 660 1307 695 lib.
1329 670 1355 695 1.

452 718 508 753 De
525 718 682 753 Mathesi
699 718 738 752 in
754 729 882 763 genere
1247 718 1309 753 lib.
1330 726 1355 752 1.

358 776 499 812 Floruit
516 787 610 811 anno
629 783 809 809 MDLX1V.

780 890 1093 926 BUNDEVICA.
1147 894 1229 930 199.

304 1007 592 1041 BUNDEVICAM
617 1006 809 1052 quandam,
835 1003 1036 1040 Amazonio
1061 1006 1137 1041 ritu
1163 1007 1377 1048 bellicosam,
1404 1007 1500 1041 inter
1524 1012 1703 1043 nostrates

305 1065 503 1098 eruditione
529 1068 564 1098 et
589 1063 730 1108 scriptis
756 1063 913 1109 insignes
936 1062 1107 1098 referunt.
1162 1063 1261 1098 Haec
1286 1063 1473 1099 Scotorum
1499 1066 1593 1111 regis
1618 1066 1702 1106 filia,

305 1121 576 1162 Britannorum,
602 1121 664 1165 qui
690 1132 786 1155 nunc
812 1125 897 1155 sunt
922 1119 1046 1167 Angli,
1072 1121 1208 1168 regina,
1234 1122 1349 1156 multa
1375 1127 1499 1156 contra
1521 1122 1703 1157 Romanos

305 1184 447 1213 strenue
465 1179 587 1225 gessit,
606 1178 850 1223 coloniamque
864 1178 1007 1212 delevit.
1049 1177 1209 1219 Tacitus,
1224 1178 1305 1219 Dio,
1320 1177 1543 1224 Xiphilinus.
1584 1180 1701 1219 Quam

304 1236 485 1280 scripsisse
506 1237 634 1270 volunt
651 1236 763 1275 varia,
782 1240 817 1269 et
835 1235 872 1269 in
891 1235 959 1275 his,

453 1292 647 1327 Conciones
667 1293 844 1327 Militares
1392 1294 1453 1329 lib.
1477 1303 1501 1329 1.

451 1350 640 1389 Querelam
658 1361 806 1384 suorum
824 1349 1044 1394 Temporum
1392 1352 1453 1391 lib,
1475 1362 1501 1388 1.

449 1406 633 1451 Epistolas
647 1408 692 1441 ad
707 1407 891 1451 Principes
906 1407 1179 1442 Provinciarum
1194 1407 1377 1456 (Balaeus)
1395 1410 1457 1444 lib.
1479 1419 1503 1444 1.

452 1464 507 1498 De
525 1465 736 1499 excutiendo
753 1464 778 1498 J
781 1476 850 1511 ugo
868 1464 1032 1499 Romano
1396 1467 1457 1502 lib.
1479 1477 1503 1502 1.
1539 1467 1703 1504 Andreas

501 1521 740 1566 Tiraquellus,
759 1522 913 1557 Nobilit.
932 1534 1007 1567 cap.
1028 1532 1149 1558 XXXI.
1169 1535 1268 1559 num.
1289 1533 1455 1560 CCCXVI.

450 1578 505 1613 De
524 1579 782 1614 Obsidionibus
801 1579 957 1614 Urbium
1395 1583 1456 1617 lib.
1478 1592 1503 1618 1.

451 1635 507 1670 De
523 1635 699 1670 Exercitu
717 1637 873 1681 pedestri
892 1637 1053 1672 ducendo
1396 1639 1458 1674 lib.
1478 1649 1504 1674 1.

353 1693 456 1728 Vixit
473 1704 566 1727 anno
584 1694 710 1728 salutis
733 1703 799 1728 cx.
818 1695 879 1728 sed
898 1695 989 1728 nihil
1006 1696 1120 1740 ipsius
1145 1700 1287 1741 praeter
1313 1708 1443 1731 nomen
1469 1699 1514 1732 ad
1541 1710 1597 1734 me
1623 1712 1700 1745 per·

304 1751 443 1785 venisse
457 1750 588 1785 fateor:
607 1750 692 1785 fides
706 1751 754 1786 sit
767 1763 875 1796 penes
889 1752 980 1786 illos.
1009 1752 1103 1787 Eam
1118 1754 1248 1788 extulit
1262 1755 1415 1800 eleganti
1429 1760 1465 1790 et
1479 1757 1582 1791 suavi
1597 1768 1704 1792 versu

306 1807 520 1842 Edmundus
538 1807 746 1852 Spenserm,
765 1813 870 1853 poeta
887 1809 1124 1852 doctissimus,
1143 1811 1181 1845 in
1199 1811 1331 1846 Ruinis
1350 1811 1551 1858 Temporis.

611 1922 869 1958 GEORGIUS
894 1924 1259 1961 BUCHANANUS.
1311 1929 1396 1962 200.

309 2042 329 2056 “
355 2036 567 2073 GEORGIUS
603 2038 854 2082 Buchananus,
895 2040 1069 2075 Minorita
1103 2043 1357 2084 excucullatus,
1396 2044 1594 2080 Bacchicus
1632 2047 1704 2082 his-

309 2095 390 2134 trio,
440 2099 475 2128 et
515 2096 640 2130 atheus
684 2098 820 2141 poeta,'’
866 2098 985 2144 inquit
1027 2098 1209 2134 Gilbertus
1253 2100 1503 2137 Genebrardus
1543 2103 1704 2140 Chrono-

306 2152 400 2197 logia
434 2152 479 2185 ad
513 2164 647 2187 annum
683 2163 884 2190 MDLxxn.
948 2155 1004 2190 De
1038 2157 1209 2203 religione
1244 2159 1339 2192 enim
1374 2158 1560 2196 catholica
1593 2164 1703 2207 pessi-

307 2218 363 2241 me
393 2213 447 2242 est
475 2210 635 2251 meritus,
666 2216 702 2245 et
733 2212 811 2247 ideo
842 2213 1113 2249 contumeliosas
1148 2226 1250 2250 voces
1284 2216 1387 2251 facile
1421 2217 1500 2253 viro
1534 2220 1702 2266 religioso

309 2265 411 2306 dono,
439 2266 495 2299 cui
521 2267 667 2312 majoris
693 2268 764 2304 fuit
788 2270 961 2305 momenti
986 2271 1099 2316 pietas
1125 2284 1233 2317 quam
1260 2275 1425 2310 eruditio.
1495 2276 1624 2312 Paucis
1650 2283 1703 2312 to-

309 2326 382 2356 tam
409 2322 521 2366 ipsius
547 2325 657 2358 vitam
684 2327 872 2373 attingam.
924 2327 1046 2363 Nobili
1072 2331 1148 2365 loco
1173 2331 1211 2365 in
1237 2331 1390 2367 Levinia
1419 2338 1538 2374 natus,
1566 2335 1627 2369 sed
1651 2340 1703 2369 te-

310 2379 385 2419 nui,
409 2380 525 2424 prima
547 2382 668 2416 studia
689 2383 727 2418 in
749 2385 877 2429 patria,
903 2397 987 2420 mox
1014 2386 1164 2423 Parisiis
1189 2390 1368 2432 exercuit3
1397 2392 1453 2426 vir
1475 2391 1602 2434 factus,
1628 2403 1702 2427 ma—
