2032 2912
703 357 878 390 GENTIS
902 354 1180 394 SCOTORUM,
1205 354 1295 387 LIB.
1319 355 1347 387 Ι.
1691 351 1729 381 61

341 452 419 486 dem
437 452 523 488 foris
542 452 736 497 amplexus.
788 451 882 497 Ejus
899 455 994 491 sunt,
1012 455 1102 486 teste
1120 449 1342 485 Bibliotheca
1358 446 1593 482 Germanica:

487 509 542 544 De
558 508 791 543 Authoritate
808 507 919 542 Verbi
936 507 1005 542 Dei
1022 507 1192 541 adversus
1212 503 1469 553 [Episcopum]

536 565 776 605 Lundensem‚
795 564 978 598 Friderico
994 564 1088 598 Duci
1105 562 1290 603 saxoniae,
1328 563 1389 596 lib.
1410 571 1436 596 1.

487 621 752 657 Commentaria
769 621 807 655 in
824 620 871 655 D.
889 620 913 654 J
914 621 1039 655 oannis
1057 619 1200 665 Evang.
1327 619 1388 653 lib.
1408 628 1434 653 1.

486 679 541 713 De
559 678 682 718 Missa,
700 683 736 712 et
753 677 872 712 Coena
888 676 1046 717 Domini,
1064 675 1220 721 Lipsiae,
1330 676 1390 710 lib.
1411 685 1436 710 1.

489 735 679 780 Expositio
697 734 922 769 Psalmorum
1333 733 1394 767 lib.
1414 741 1440 767 1.

489 792 687 837 Responsio
700 792 871 826 adversus
885 791 1074 825 Ruardum
1088 790 1295 835 Tapperum
1332 790 1393 824 lib.
1413 798 1439 823 1.

342 852 394 886 Et
411 852 479 886 alia
496 851 535 884 in
553 849 777 884 Bibliotheca
793 848 960 890 Classica,
980 848 1109 893 quibus
1126 848 1239 892 liquet
1256 858 1328 882 non
1345 848 1528 882 indoctum
1545 846 1667 881 fuisse.

390 908 520 943 Pulsus
537 911 591 942 est
608 906 725 941 Scotia
743 917 836 940 anno
855 915 989 940 MDXL.
1007 905 1095 940 obiit
1113 915 1198 939 vero
1214 905 1341 939 aetatis
1359 915 1444 939 suae
1469 915 1563 939 anno
1581 912 1732 938 LXXIII.

342 967 380 999 in
398 965 575 1000 academia
592 963 771 1009 Lipsiensi
790 972 893 997 xvn.
912 962 1050 1003 Martii,
1068 970 1168 997 XXV.
1187 973 1281 997 anno
1297 962 1354 996 sui
1371 961 1480 1002 exilii,
1498 962 1535 995 id
1553 966 1616 1002 est,
1641 972 1735 996 anno

345 1030 506 1056 MDLXV.
524 1026 567 1056 ut
584 1021 749 1055 observat
766 1019 892 1054 Aelius
914 1019 1120 1054 Reusnerus
1144 1020 1182 1053 in
1206 1018 1327 1053 Indice
1351 1019 1620 1065 Chronologico.
1674 1018 1737 1052 Di-

343 1079 436 1113 citur
453 1069 583 1113 e'ximio
601 1078 689 1112 inibi
712 1078 923 1113 honestatus
947 1076 1139 1121 epitaphio,
1163 1076 1224 1111 sed
1247 1087 1312 1111 nos
1339 1076 1409 1111 alio
1432 1076 1490 1111 hic
1513 1076 1597 1112 orbe
1620 1076 1736 1122 ignari

344 1136 469 1171 talium
487 1136 657 1171 vivimus.

633 1249 908 1285 ROBERTUS
932 1248 1311 1284 ARCHIBALDUS.
1367 1251 1447 1283 110.

346 1365 566 1399 ROBERTUS
581 1363 844 1405 vArchibaldus,
870 1364 976 1398 domo
1000 1362 1320 1403 Sanctandreanus,
1347 1361 1562 1397 Lutetianus
1588 1363 1740 1408 philoso-

345 1422 449 1466 phiae
466 1421 654 1466 professor,
671 1421 734 1456 ubi
752 1432 884 1468 magno
901 1421 1106 1455 auditorum
1124 1430 1298 1454 concursu
1316 1420 1574 1462 celeberrimus,
1598 1421 1629 1454 si
1646 1421 1740 1465 quis-

345 1490 452 1524 quam
470 1479 572 1520 alius,
592 1479 745 1524 scripsit,
764 1479 859 1523 quod
876 1479 921 1513 ad
939 1488 1066 1512 manus
1083 1488 1180 1512 meas
1198 1477 1392 1518 devenerit,

491 1536 547 1570 De
565 1536 715 1583 Origine
733 1536 986 1581 Philosophiae
1334 1534 1395 1569 lib.
1416 1543 1442 1569 1.

492 1593 548 1628 De
565 1593 753 1640 Dignitate
770 1593 1022 1638 Philosophiae
1338 1592 1399 1627 lib.
1420 1601 1445 1626 1.

493 1650 549 1685 De
567 1650 737 1685 Partibus
755 1650 1007 1695 Philosophiae
1340 1649 1402 1684 lib.
1422 1658 1448 1684 1.

383 1707 531 1742 -Docere
556 1708 688 1752 incepit
713 1718 807 1741 anno
834 1715 1063 1741 MDLxxvn.
1089 1710 1132 1741 ut
1156 1710 1335 1742 testantur
1360 1711 1439 1741 aeta
1464 1706 1569 1742 MSS.
1588 1708 1741 1743 nationis

349 1764 577 1799 Germanicae
594 1764 726 1799 ibidem
743 1764 811 1799 loci
829 1764 874 1798 ad
890 1763 972 1798 DD.
992 1763 1112 1798 Cosmi
1130 1767 1166 1798 et
1182 1762 1351 1798 Damiani
1369 1769 1561 1800 asservata.

636 1933 851 1970 ADAMUS
875 1934 1314 1970 ABRENETHAEUS.
1367 1938 1449 1970 111.

353 2050 533 2085 ADAMUS
546 2048 818 2084 Abrenethaeus
831 2049 1139 2096 Edimburgensis,
1154 2049 1286 2085 Graece
1300 2050 1500 2096 Latineque
1513 2052 1558 2086 ad
1570 2052 1743 2088 invidiam

352 2108 407 2141 sui
431 2108 539 2141 seculi
562 2107 697 2147 doctuS‚
720 2106 973 2151 philosophicis
996 2107 1104 2152 juxta
1130 2118 1170 2141 ac
1192 2107 1463 2142 humanioribus
1486 2109 1600 2143 literis
1624 2120 1744 2145 cumu-

351 2166 422 2198 late
439 2165 647 2205 instructuS,
674 2175 805 2210 magna
828 2164 963 2210 ingenii
987 2164 1208 2204 claritudine,
1233 2165 1294 2199 sed
1317 2164 1450 2199 infelici
1474 2171 1569 2201 sorte
1591 2167 1746 2212 philoso-

351 2221 474 2266 phiam
497 2226 551 2256 est
574 2221 753 2266 professus
776 2220 949 2255 Nemausi
971 2220 1261 2256 Arecomicorum
1283 2222 1322 2256 in
1344 2221 1476 2263 Volcis,
1500 2224 1614 2258 socius
1636 2226 1744 2260 etiam

351 2290 511 2313 meorum
529 2279 617 2313 inibi
635 2279 809 2319 laborum,
827 2284 862 2313 et
889 2289 1005 2313 comes
1027 2279 1196 2313 candidus
1220 2279 1461 2325 cujuscunque
1485 2280 1661 2323 fortunae,
1688 2294 1746 2317 ex-

352 2336 434 2370 inde
452 2335 570 2382 Lyceo
589 2336 779 2380 Monspelii
797 2336 1031 2380 praepositus,
1055 2336 1225 2371 doctorali
1242 2337 1281 2371 in
1298 2337 1473 2372 medicina
1494 2339 1615 2374 laurea
1636 2340 1744 2374 dona-

351 2398 421 2428 tus.
473 2393 567 2439 Ejus
584 2393 671 2427 haec
689 2393 733 2427 ad
751 2404 878 2428 manus
897 2404 993 2428 meas
1011 2398 1186 2428 venerunt
1201 2404 1210 2428 :

498 2450 722 2496 Triumphus
740 2449 961 2493 Britanniae,
981 2461 1087 2486 versu
1104 2455 1139 2485 et
1156 2462 1272 2497 prosa,
1346 2452 1406 2488 lib.
1427 2461 1452 2487 1.
