2032 2912
737 333 912 366 GENTIS
936 331 1212 370 SCOTORUM,
1238 332 1326 364 LIB.
1352 332 1378 364 1.
1715 332 1751 361 ll

360 430 460 463 nium
478 439 538 463 ore
559 428 746 462 laudabilis
772 428 816 461 ad
841 437 959 461 sacros
984 426 1125 461 ordines
1150 431 1346 470 promotus,
1372 426 1477 460 etiam
1503 426 1547 460 ad
1570 425 1748 469 episcopa-

360 491 418 520 tus
436 497 525 530 opus
548 488 752 528 assumptus
774 483 855 522 fuit,
878 494 950 527 quo
967 487 1110 517 strenue
1127 484 1264 527 aliquot
1281 483 1385 517 annis
1402 483 1652 517 administrato
1676 481 1747 515 Ro-

359 554 453 577 mam
481 543 579 577 venit
604 542 649 575 ad
674 541 915 585 apostolorum
940 540 1087 573 limina:
1118 540 1200 573 inde
1230 551 1314 574 vero
1343 540 1381 573 in
1411 539 1565 584 patriam
1595 539 1745 578 rediens,

359 601 445 634 dum
462 599 557 643 apud
575 598 785 632 Faventiam
803 597 1021 635 consisteret,
1039 597 1142 641 gravi
1160 597 1331 642 languore
1343 601 1528 641 correptus
1541 597 1663 641 paucis
1677 596 1748 629 die-

358 657 423 691 bus
442 655 591 689 feliciter
613 655 784 700 migravit
806 665 828 687 a
850 654 1014 693 saeculo;
1041 653 1143 698 cujus
1164 663 1292 697 corpus
1314 658 1415 687 extra
1439 653 1539 687 urbis
1562 665 1684 687 muros
1709 654 1748 686 in

358 712 502 747 ecclesia
518 711 554 745 S.
574 710 766 745 Clementis
784 710 971 744 humatum
991 709 1072 743 fuit.
1125 709 1218 743 Cum
1236 715 1355 744 autem
1373 721 1395 744 a
1412 710 1636 754 Luitprando
1654 710 1748 744 Lon-

355 768 592 815 gobardorum
611 779 693 813 rege
710 768 837 802 civitas
854 768 1068 812 depopulata
1085 777 1126 800 ac
1147 767 1333 801 devastata
1355 772 1457 808 esset,
1483 778 1610 811 corpus
1633 767 1746 800 sancti

356 826 501 860 omnino
531 826 753 871 incognitum
783 824 964 858 remansit.
1028 822 1081 858 At
1110 827 1268 868 tempore
1299 823 1513 858 Bernardini
1539 824 1678 859 comitis
1708 835 1747 857 ac

356 882 626 917 Theodolendae
644 883 721 927 ejus
740 882 872 920 uxoris,
890 880 1112 915 reaedificata
1136 881 1292 921 civitate,
1319 892 1428 925 supra
1454 881 1677 927 incognitum
1694 892 1747 915 se-

356 939 544 984 pulchrum
570 939 733 973 cumulus
751 938 845 972 foeni
872 939 1009 983 positus
1035 937 1116 973 fuit.
1144 938 1259 982 Super
1277 950 1359 972 eum
1377 949 1462 972 vero
1479 949 1559 972 cum
1578 938 1649 972 duo
1666 949 1748 972 con-

355 996 611 1035 fabularentur,
635 1007 711 1029 ecce
735 997 825 1029 alter
846 1006 968 1029 eorum
990 995 1093 1040 alapa
1118 995 1346 1029 invisibiliter
1370 1007 1557 1040 percussus
1584 1007 1669 1041 erga
1693 1007 1747 1030 so-

354 1053 449 1087 cium
470 1053 635 1091 irascens,
658 1053 716 1086 ille
739 1063 823 1086 vero
840 1063 877 1086 se
895 1058 1088 1093 excusaret,
1117 1053 1247 1086 iterum
1273 1057 1308 1086 et
1334 1053 1441 1087 tertio
1466 1063 1653 1097 percussus
1679 1058 1745 1086 est.

355 1110 585 1144 Admirantes
602 1110 711 1144 simul
728 1109 815 1153 quid
839 1109 907 1143 sibi
931 1109 998 1143 hoc
1024 1111 1141 1149 vellet,
1167 1120 1243 1143 rem
1269 1110 1314 1143 ad
1340 1109 1504 1144 comitem
1530 1110 1746 1149 detulerunt,

354 1168 416 1212 qui
438 1167 548 1212 jussit
573 1166 717 1201 foenum
743 1167 911 1206 amoveri,
938 1171 973 1200 et
999 1171 1130 1200 terram
1156 1166 1241 1207 fodi,
1269 1167 1527 1211 inventumque
1552 1170 1606 1200 est
1631 1168 1744 1201 sancti

353 1235 490 1268 corpus,
509 1224 669 1267 miraque
685 1223 885 1269 fragrantia
902 1234 946 1257 ex
963 1234 1005 1257 eo
1021 1225 1141 1268 erupit
1155 1234 1164 1257 :
1191 1235 1302 1268 quare
1319 1223 1416 1258 intra
1433 1223 1573 1258 moenia
1590 1224 1746 1258 civitatis

353 1291 492 1315 summo
517 1281 651 1314 honore
676 1280 834 1314 delatum
860 1285 896 1314 et
921 1281 1101 1324 sepultum
1128 1285 1182 1314 est
1207 1281 1246 1313 in
1272 1281 1416 1314 ecclesia
1441 1280 1477 1314 S.
1505 1280 1652 1319 Mariae,
1684 1281 1745 1314 ubi

353 1337 533 1371 miraculis
551 1336 747 1371 coruscat.’'
796 1337 946 1381 Scripsit
963 1341 1083 1371 autem

498 1394 553 1429 De
583 1394 852 1441 Dreyburgensi
884 1394 1064 1428 Coenobio
1096 1393 1157 1428 lib.
1195 1404 1220 1427 1.
1256 1395 1445 1429 canonicus
1476 1394 1650 1440 regularis
1679 1394 1746 1428 hu-

544 1453 605 1497 jus
633 1452 851 1491 monasterii,
881 1456 922 1486 ut
949 1453 1063 1496 placet
1091 1450 1252 1485 Gilberto
1281 1451 1418 1492 Bruno,
1445 1452 1506 1485 sed
1531 1451 1633 1492 falso,
1662 1463 1745 1485 nam

548 1520 638 1553 opus
656 1509 745 1542 illud
758 1509 873 1543 multo
886 1509 1063 1553 posterius
1077 1513 1131 1542 est
1144 1512 1259 1542 aetate
1272 1507 1477 1543 Aemiliani.
1505 1508 1640 1543 Verum
1655 1520 1743 1553 opus

548 1567 643 1600 illius
661 1571 715 1600 est
731 1565 792 1600 Ad
810 1566 1047 1600 Restennetos
1067 1566 1212 1600 Fratres
1247 1565 1308 1600 lib.
1329 1574 1354 1599 1.

501 1623 555 1657 De
572 1623 675 1657 Actis
694 1623 869 1657 Bonifacii
888 1623 949 1657 lib.
970 1632 995 1657 1.
1022 1623 1092 1657 Hic
1115 1627 1169 1657 est
1192 1622 1400 1657 Bonifacius
1422 1634 1525 1668 papa,
1553 1629 1587 1657 et
1613 1624 1744 1668 episco-

547 1692 613 1725 pus
645 1681 832 1714 Rossensis
868 1681 906 1714 in
942 1680 1071 1720 Scotia,
1108 1681 1170 1725 qui
1206 1680 1464 1715 Restennetum
1500 1680 1678 1721 fundavit,
1710 1687 1744 1715 et

547 1738 725 1771 canonicis
749 1738 972 1783 regularibus
990 1738 1169 1772 attribuit.
1221 1738 1395 1772 Boethius
1412 1737 1451 1771 in
1464 1738 1682 1784 praefatione
1696 1740 1740 1772 ad

551 1793 747 1838 Episcopos
764 1793 1046 1828 Aberdonenses.

400 1850 486 1885 Vita
504 1856 603 1885 extat
621 1850 699 1885 MS.
719 1851 913 1885 Faventiae
931 1852 1026 1895 apud
1045 1851 1126 1885 RR.
1148 1852 1220 1886 ΡΡ.
1241 1852 1505 1892 Franciscanos,
1525 1852 1657 1896 scripta
1681 1864 1744 1897 per

351 1908 525 1943 Joannem
542 1907 743 1942 Antonium
762 1907 979 1941 Flaminium
998 1908 1356 1948 Forocorneliensem,
1375 1908 1498 1943 Italice
1516 1909 1657 1944 reddita
1679 1921 1743 1954 per

288 1973 291 1977 ’
352 1966 505 2000 Paulum
523 1964 702 1999 Cavinum
720 1965 972 1999 Faventinum.
1004 1966 1062 1999 Sic
1079 1966 1225 2010 incipit:
1246 1971 1267 1986 ‘⁵
1280 1965 1316 2000 S.
1331 1966 1556 2001 Aemilianus
1570 1967 1608 2000 in
1621 1966 1744 2001 Scotia

352 2028 467 2062 natus,
484 2022 677 2056 Faventiae
690 2022 901 2067 protector.''
930 2023 953 2056 J
955 2033 1086 2057 oannes
1100 2034 1120 2057 a
1134 2022 1251 2069 Nigra
1260 2022 1374 2063 Valle,
1388 2023 1423 2057 S.
1437 2023 1482 2057 R.
1496 2022 1540 2058 Ε.
1557 2023 1743 2059 bibliothe-

352 2080 466 2113 carius
484 2080 709 2123 apostolicus,
727 2080 867 2125 epilogo
885 2079 1142 2114 Chronicarum
1161 2089 1255 2114 xnt.
1269 2092 1344 2125 cap.
1360 2090 1480 2115 xvln.
1501 2085 1522 2100 “
1536 2081 1571 2114 S.
1592 2080 1741 2115 Aemili.

353 2147 453 2175 anus,
472 2137 655 2181 episcopus
673 2136 874 2176 Scotiensis‚
893 2137 1103 2172 confessor.’'

863 2253 898 2285 S.
927 2252 1116 2287 ALTHO.
1170 2255 1227 2286 11.

349 2368 384 2401 S.
422 2367 572 2401 ALTffl)
614 2367 806 2401 monachus
851 2367 1113 2407 Beuedictinus,
1157 2373 1192 2402 et
1234 2368 1370 2412 primus
1414 2369 1520 2402 abbas
1565 2374 1737 2403 monaste·

351 2424 395 2457 rii
425 2424 520 2468 quod
555 2423 600 2457 ab
635 2424 730 2457 illius
764 2424 907 2460 nomine
941 2424 1190 2460 Altomunster
1220 2430 1377 2466 vocatur,
1408 2426 1509 2470 quasi
1540 2426 1635 2464 dicas
1664 2437 1739 2460 mc>-
