2032 2912
722 350 896 382 GENTIS
921 347 1195 386 SCOTORUM,
1220 347 1309 379 LIB.
1332 348 1358 380 I.
1696 347 1735 378 19

351 445 469 478 nuisse
482 444 577 489 apud
590 444 705 478 Deum
719 444 894 488 optimum
907 443 1114 483 maximum,
1133 443 1235 488 cujus
1248 442 1353 476 nutui
1367 445 1492 475 cuncta
1505 440 1654 484 imperia
1671 439 1733 473 ho-

351 503 556 546 minumque
567 505 701 535 mentes
713 505 748 534 et
759 500 854 534 domi
866 504 901 534 et
911 500 1060 533 militiae
1071 499 1264 545 subjacent,
1275 505 1318 533 ut
1328 510 1369 533 eo
1382 498 1473 532 bello
1486 502 1731 542 perseverante

351 558 446 592 Scoti
472 564 507 593 et
531 558 624 592 Picti
647 568 830 601 nunquam
849 557 934 590 totis
952 556 1088 590 viribus
1106 555 1442 601 congrederentur.”
1494 554 1731 599 Episcopatus

350 615 560 660 dignitatem
578 619 697 648 sancte
715 618 750 648 et
772 613 941 659 graviter,
969 613 1058 646 nulli
1083 616 1198 646 certae
1219 612 1294 645 sedi
1318 613 1490 652 addictus,
1514 617 1555 646 ut
1579 612 1656 657 ejus
1679 623 1732 646 se-

350 672 419 705 culi
449 671 584 705 ferebat
612 670 840 709 consuetudo,
871 670 1039 703 exercuit.
1070 667 1146 702 Alii
1174 667 1331 702 Huensis
1357 669 1562 703 monasterii
1588 673 1729 703 tantum

350 727 511 761 abbatem
529 727 639 761 fuisse
657 728 793 761 volunt.
827 726 928 760 Beda
944 726 1004 760 lib.
1026 734 1062 760 V.
1082 725 1220 760 Histor.
1240 724 1444 759 Ecclesiast.
1460 724 1565 760 Gent.
1579 724 1729 771 Anglor.

348 795 422 828 cap.
443 793 528 817 XVI.
546 789 581 818 et
598 792 704 817 XXII.

398 839 511 875 Addit
529 841 729 880 Fordunus,
744 840 983 874 sanctissimas
1001 840 1097 874 illius
1114 839 1280 884 reliquias
1298 849 1364 873 sua
1380 843 1495 873 aetate
1511 839 1550 873 in
1567 838 1731 874 Moravia

349 905 568 932 asservatas:
601 898 662 931 sed
687 898 772 942 quia
797 908 860 931 nec
885 897 1140 943 martyrologia
1164 907 1228 930 nec
1252 896 1411 931 historici
1437 896 1498 930 alii
1524 897 1729 941 loquuntur,

350 954 445 988 haud
463 954 632 988 affirmem
650 955 688 988 in
704 965 743 988 re
760 954 938 1000 ambigua.
989 953 1137 998 Scripsit

498 1011 591 1045 Acta
609 1011 814 1057 Legationis
831 1022 915 1045 suae
1184 1011 1245 1045 lib.
1265 1020 1289 1045 1.

496 1069 549 1103 De
567 1068 709 1113 Synodo
726 1069 842 1112 patria
1182 1069 1242 1102 lib.
1262 1077 1288 1102 1.

498 1126 558 1159 Ad
576 1125 857 1159 Nordanimbros
1182 1126 1243 1160 lib.
1264 1135 1288 1159 1.

500 1182 676 1216 Homilias
694 1193 737 1215 ex
754 1182 861 1216 sacris
879 1181 1071 1227 Scripturis
1181 1182 1241 1216 lib.
1261 1191 1286 1216 1.

497 1239 557 1272 Ad
575 1238 694 1272 Pictos
712 1238 948 1272 Monitorium
1185 1240 1246 1274 lib.
1266 1248 1292 1272 1.
1324 1238 1445 1285 Hujus
1475 1244 1510 1274 et
1539 1241 1729 1285 superioris

543 1295 658 1339 operis
676 1295 838 1328 meminit
856 1295 1056 1330 Fordunus.

400 1352 566 1387 Florebat
589 1363 683 1386 anno
709 1360 894 1385 DCLXXX.
921 1352 1062 1386 Colitur
1084 1353 1140 1386 die
1164 1362 1287 1387 XxnI.
1312 1352 1489 1398 Septemb.
1514 1353 1729 1390 Scotichron.

350 1410 410 1444 lib.
430 1418 515 1443 ΧΠ.
534 1420 563 1443 c.
582 1418 650 1443 XL.
670 1408 804 1442 Molan.
823 1409 867 1442 ad
886 1409 1040 1443 Usuard.
1058 1415 1121 1444 aut
1139 1419 1258 1444 XXXI.
1283 1410 1307 1444 J
1309 1422 1430 1445 anuar.
1450 1411 1603 1455 Martyr.
1621 1411 1730 1459 Angl.

351 1466 553 1510 Praecipuis
571 1466 709 1501 Scotiae
726 1467 857 1500 sanctis
875 1472 1085 1501 annumerat
1103 1468 1204 1502 illum
1222 1468 1258 1502 S.
1277 1467 1452 1502 Alcuinus
1473 1469 1511 1502 in
1536 1467 1731 1504 Bibliothe-

348 1535 390 1558 ca
406 1523 615 1558 Bertiniana
631 1527 792 1568 poemate
810 1532 973 1558 CCXLVI.
993 1524 1071 1558 MS.

649 1608 799 1642 Patricius,
815 1609 970 1643 Cheranus,
987 1609 1134 1639 Scotorum
1147 1610 1237 1649 gloria
1249 1612 1354 1650 gentis,

648 1657 748 1694 Atque
762 1656 964 1690 columbanus,
979 1657 1142 1696 Congallus,
1157 1657 1346 1688 Adamnanus
1359 1664 1454 1698 atque,

650 1703 790 1731 Praeclari
805 1708 909 1742 patres,
923 1714 1033 1732 morum
1047 1705 1180 1742 vitaeque
1193 1706 1333 1743 magistri,

648 1748 707 1777 Hic
721 1750 813 1788 pietas
827 1750 958 1788 precibus
971 1750 1071 1779 horum
1085 1761 1135 1779 nos
1150 1751 1267 1788 adjuvet
1281 1762 1386 1781 omnes.

778 1863 815 1898 S.
840 1862 1188 1899 AMPHIBALUS.
1242 1865 1299 1899 16.

350 1977 385 2012 S.
416 1976 703 2018 Ammfflms,
736 1977 962 2012 Veremundo
993 1983 1146 2020 auctore,
1178 1980 1234 2013 vir
1264 1980 1397 2027 insigni
1426 1982 1567 2026 pietate,
1593 1984 1729 2028 primus

349 2034 555 2068 Sodorensis
593 2035 778 2080 episcopus
816 2040 976 2070 creatus:
1015 2036 1172 2080 primum
1209 2038 1247 2071 in
1290 2038 1401 2073 Mona
1442 2040 1559 2074 insula
1600 2041 1731 2085 episco-

349 2103 435 2135 pum
453 2097 555 2126 vocat
571 2091 628 2126 Jo.
644 2092 812 2127 Leslaeus
830 2104 911 2140 pag.
928 2101 1076 2127 LXVIII.
1118 2093 1287 2138 Epitome
1304 2095 1510 2131 Chronicar.
1551 2102 1572 2117 ‘⁶
1590 2097 1625 2132 S.
1644 2097 1730 2132 Am-

349 2148 513 2192 phibalus
531 2148 721 2183 Scotiensis
739 2150 922 2194 episcopus
940 2150 978 2184 in
995 2149 1174 2185 Canonica
1192 2151 1431 2187 Insularum.''
1483 2159 1503 2174 “
1517 2155 1652 2189 Christi
1669 2156 1729 2190 do-

350 2216 433 2250 gma
464 2216 527 2249 per
556 2205 741 2240 Scotorum
773 2206 1026 2251 Pictorumque
1056 2208 1217 2254 regiones
1246 2211 1473 2254 propalando,
1504 2213 1617 2246 multa
1650 2224 1731 2247 con-

348 2267 405 2296 tra
446 2262 643 2297 Gentilium
686 2264 894 2310 religionem
941 2265 1096 2299 docendo
1148 2266 1400 2313 scribendoque
1449 2270 1643 2314 gloriosum
1695 2275 1730 2304 et

349 2319 552 2353 Christiano
589 2321 667 2354 viro
701 2322 805 2365 plane
843 2322 1003 2367 dignum,
1044 2324 1157 2357 multa
1194 2329 1373 2359 senectute
1412 2326 1563 2361 vivendo
1601 2327 1725 2368 fessus,

348 2376 574 2420 foelicemque
596 2378 743 2412 sortitus
761 2382 814 2412 est
838 2378 974 2413 finem.’‘
1027 2379 1130 2415 Hect.
1156 2380 1283 2415 Boeth.
1308 2382 1368 2416 lib.
1395 2391 1449 2417 vl.
1474 2394 1555 2429 pag.
1581 2393 1726 2418 xcvnl.

347 2432 451 2467 Alius
470 2439 522 2468 est
540 2434 584 2468 ab
600 2434 816 2479 Amphibalo
833 2436 977 2477 Culdeo,
996 2437 1097 2483 cujus
1114 2438 1208 2472 infra
1225 2439 1291 2473 hoc
1303 2439 1394 2474 libro
1409 2441 1553 2475 mentio.
1580 2441 1727 2486 Scripsit
