2044 2992
965 363 1033 401 xvi

319 471 457 511 onmia
477 470 643 509 turbata
666 473 765 507 sunt
792 468 843 506 ab
868 466 1109 507 hominibus
1136 480 1220 506 non
1247 465 1386 505 minus
1414 467 1701 519 grammatico-

318 549 423 582 rum,
445 546 570 586 quam
590 545 729 571 rerum
751 536 998 578 nostrarum,
1018 530 1181 584 ignaris.
1240 529 1367 582 Siqua
1387 529 1587 570 vocabula
1606 545 1702 585 sup-

316 598 529 651 plevimus,
561 595 678 635 uncis
717 602 817 635 sunt
849 594 1018 634 inclusa.
1092 594 1175 633 Hic
1208 599 1349 633 autem
1383 594 1617 634 monendus
1650 609 1702 643 es,

315 661 455 708 lector,
471 660 551 700 tria
565 659 665 707 loca,
681 664 779 699 tom.
796 659 820 698 i.
836 673 875 712 p.
896 662 984 698 134.
1009 659 1098 701 176.
1118 672 1199 711 seq.
1216 657 1272 697 sic
1289 656 1447 697 inclusa
1470 657 1488 710 [
1510 660 1540 713 ],
1561 659 1702 712 potius

316 724 611 778 distinguenda
631 737 717 763 esse
736 723 815 762 hoc
835 723 959 762 modo
982 723 996 772 (
1016 726 1044 775 ),
1064 722 1220 776 quippe
1237 735 1343 775 quae
1359 723 1410 761 ab
1426 728 1594 763 auctore
1610 738 1703 777 pro-

316 789 434 828 fecta.
492 789 693 828 Sexcenta
715 786 805 827 loca
831 786 1153 834 emendavimus,
1180 785 1245 825 vel
1272 785 1353 825 levi
1381 785 1609 836 literarum,
1636 787 1702 829 vel

317 852 534 892 audaciore
550 850 938 905 interpunctionum
954 850 1188 890 mutatione
1202 866 1212 896 3
1234 850 1339 889 ratio
1355 850 1467 890 enim
1484 851 1703 906 interpun-

316 916 440 969 gendi
461 929 589 969 prope
610 914 727 954 nulla
747 919 846 954 erat.

374 980 492 1019 Tom.
513 979 537 1018 i.
558 993 597 1032 p.
618 983 683 1022 78.
738 984 759 1002 ‘⁶
779 978 971 1018 Boeanus
987 978 1157 1031 quidem
1174 978 1217 1018 in
1234 979 1368 1032 patria
1383 979 1581 1028 substitit,
1598 980 1703 1020 Fur-

317 1057 409 1083 saeo
449 1057 543 1083 cum
580 1042 778 1082 fratribus
813 1043 857 1082 in
896 1041 1076 1082 Galliam
1111 1043 1392 1083 tendentibus-‚⁹³
1458 1043 1703 1097 Scripsimus

317 1108 503 1148 tendente.
556 1107 600 1146 P.
615 1110 679 1149 91.
701 1111 721 1129 “
736 1106 850 1146 Hinc
865 1106 1022 1161 habent
1038 1105 1158 1153 Scoti,
1180 1105 1294 1158 quod
1314 1111 1438 1145 antea
1453 1106 1704 1154 nesciebant,

316 1171 442 1210 fidem
463 1169 618 1209 Christi
644 1169 926 1223 apostolorum
953 1169 1221 1223 temporibus,
1249 1178 1292 1209 et
1318 1170 1369 1209 ab
1392 1170 1491 1223 ipsis
1517 1171 1704 1224 epistolis,

317 1234 392 1274 sibi
409 1234 791 1274 communicatam.”
825 1234 907 1273 Pro
923 1234 1099 1288 epistolis
1114 1233 1351 1286 scripsimus
1363 1235 1561 1288 apostolis.
1597 1235 1703 1274 Ibid.

318 1304 338 1322 “
357 1299 424 1338 Ab
444 1312 493 1338 eo
513 1298 683 1338 comites
704 1297 987 1344 Cathenesiae,
1015 1296 1115 1337 dicti
1144 1297 1275 1345 Barri,
1299 1311 1478 1350 quorum
1506 1298 1703 1351 frequens

317 1376 412 1402 cum
433 1362 598 1415 regibus
619 1362 769 1406 nostris
791 1361 979 1408 affinitas,
999 1361 1053 1400 ad
1072 1366 1298 1408 atavorum,
1319 1360 1418 1401 licet
1436 1361 1598 1402 minore
1613 1376 1703 1415 gra-

318 1427 386 1473 du,
404 1432 590 1479 tempora
610 1426 840 1466 descendit.”
899 1425 1126 1465 Manifesto
1147 1438 1294 1472 errore,
1314 1439 1389 1479 pro
1410 1426 1701 1466 descenderunt.

320 1491 365 1529 P.
375 1494 464 1530 110.
479 1491 529 1529 “J
533 1490 678 1529 oannis
693 1489 1065 1538 Posthii‚archiatri
1080 1487 1272 1537 Palatini,
1286 1488 1487 1529 Latinum
1501 1490 1703 1543 epigram-

319 1568 396 1601 ma,
417 1559 459 1594 et
479 1554 563 1593 duo
580 1554 736 1593 Graeca
751 1553 776 1592 J
780 1553 924 1593 oannis
940 1552 1175 1606 Lundorpii
1188 1553 1399 1601 Graecam,
1413 1553 1587 1593 editioni
1603 1553 1703 1593 ulti-

318 1632 410 1658 mae
431 1632 604 1671 operum
626 1617 871 1658 Buchanani
891 1617 1085 1671 praefixa,
1105 1617 1337 1665 videantur,
1357 1623 1443 1657 tam
1464 1617 1638 1666 felicem,
1660 1625 1702 1658 et

318 1688 404 1722 tam
420 1681 607 1721 sublimis
624 1681 779 1735 ingenii
796 1684 998 1735 poetam.”
1034 1680 1225 1721 Delenda
1237 1687 1299 1721 est
1314 1695 1394 1721 vox
1412 1683 1618 1730 Graecam,
1632 1683 1702 1722 de-

320 1746 417 1785 inde
433 1746 708 1793 scribendum,
723 1751 834 1785 “tam
847 1744 988 1793 felicis,
1000 1751 1041 1785 et
1051 1751 1137 1785 tam
1147 1744 1335 1785 sublimis
1346 1746 1501 1799 ingenii
1513 1752 1658 1799 poetae
1667 1750 1702 1792 ;”

318 1809 397 1849 nisi
418 1815 466 1848 tu
486 1808 616 1856 malis,
638 1814 659 1832 “
679 1814 765 1848 tam
784 1808 959 1857 felicem,
979 1815 1022 1848 et
1041 1815 1128 1849 tam
1148 1808 1336 1849 sublimis
1357 1809 1514 1863 ingenii
1536 1816 1702 1863 poetam

319 1872 510 1925 [summis
525 1871 718 1911 laudibus
732 1871 1004 1927 efferentia].”
1044 1873 1088 1912 P.
1106 1877 1195 1912 130.
1212 1879 1233 1897 “
1246 1873 1335 1913 Nec
1351 1887 1399 1913 ea
1410 1887 1490 1913 vox
1503 1880 1703 1928 usurpata

319 1936 475 1977 sedulii
496 1950 595 1976 aevo
616 1935 856 1983 cultissimo,
883 1936 956 1975 sed
980 1942 1124 1989 postea
1150 1936 1203 1976 ad
1222 1937 1541 1990 distinguendos
1561 1939 1702 1978 Scotos

321 2001 526 2040 silvestres
541 2014 613 2040 seu
626 2006 846 2039 montanos
862 2013 885 2039 a
897 1999 1212 2040 mediterraneis
1225 2006 1267 2040 et
1283 2001 1498 2041 inferiores
1513 2002 1702 2055 regiones

320 2065 539 2104 habitantes
554 2064 821 2116 excogitata.”
876 2063 1203 2103 Emendavimus
1215 2065 1494 2105 habitantibus.
1548 2065 1592 2104 P.
1609 2070 1703 2105 201.

322 2134 341 2151 “
355 2129 390 2168 S.
404 2128 589 2175 Dimaus,
602 2128 638 2167 S.
652 2127 805 2180 Sigenii
817 2126 1057 2181 discipulus,
1073 2141 1183 2167 unus
1196 2142 1247 2168 ex
1260 2127 1342 2168 illis
1358 2128 1558 2183 episcopis
1572 2130 1703 2170 Scotis

320 2192 507 2239 habetur,
518 2191 591 2245 qui
603 2205 676 2245 per
687 2197 824 2231 totum
841 2205 1015 2244 regnum
1030 2190 1138 2231 nulli
1154 2197 1289 2231 certae
1305 2192 1497 2232 ecclesiae
1513 2194 1703 2247 alligatas

321 2255 522 2309 populum
543 2256 848 2309 praedicatione
867 2256 1075 2296 eradivit.’'
1121 2256 1366 2309 Scripsimus
1385 2257 1544 2310 alligati
1558 2263 1600 2297 et
1614 2272 1704 2298 era-

322 2320 514 2360 diverunt.
572 2320 615 2358 P.
636 2324 727 2359 228.
749 2326 769 2343 “
789 2319 829 2360 Si
851 2320 1081 2373 perpendas
1101 2334 1226 2373 quam
1243 2320 1469 2360 ridiculum
1485 2335 1704 2374 argumen-

324 2390 415 2422 tum
443 2383 553 2423 docti
582 2383 773 2431 habeant,
805 2398 828 2423 a
855 2383 1090 2438 scriptionis
1117 2383 1207 2424 loco
1234 2385 1522 2425 necessitatem
1549 2385 1703 2426 inferre

323 2447 524 2494 nationis;
560 2447 616 2487 sic
636 2447 745 2488 enim
767 2447 886 2488 fieret
912 2454 961 2488 ut
988 2448 1039 2488 D.
1067 2447 1289 2501 Augustin.
1319 2449 1450 2499 affert,
1479 2449 1704 2490 haberetur
