2032 2912
341 315 403 345 100
720 309 951 347 HISTORIA
975 307 1349 343 ECCLESIASTICA

347 408 495 447 vellicat,
512 405 692 452 religionis
710 405 828 439 verius
845 414 952 449 quam
970 403 1150 438 doctrinae
1166 413 1251 449 ergo
1263 413 1273 444 ;
1285 441 1287 443 ,
1301 402 1363 441 sed
1374 403 1463 442 vlaus
1486 402 1548 441 illa
1571 402 1732 437 virorum

348 464 609 499 Catholicorum
627 462 671 497 ab
687 461 873 496 haereticis
891 461 982 495 male
1000 460 1135 495 audire.

819 574 1133 610 BELISARIUS.
1186 573 1268 613 176.

346 693 607 734 BELISARIUS,
624 697 728 737 poeta
745 691 982 726 Christianus.
1029 689 1091 724 An
1108 689 1234 724 Scotus
1251 689 1371 731 fuerit,
1391 689 1544 736 ambigo.
1588 688 1736 734 Scripsit

493 750 743 785 Acrostichum
766 750 805 783 in
829 748 1012 783 Sedunum
1034 746 1190 782 Scotum.
1242 746 1356 782 Extat
1382 751 1468 782 tom.
1496 755 1534 782 V.
1562 746 1734 781 Biblioth.

541 806 602 842 SS.
622 806 783 841 Patrum.

395 864 549 899 Vivebat
565 876 658 899 anno
676 872 845 898 ccccxn.

680 977 886 1014 ALANUS
911 956 1256 1012 BALANTINUS.
1311 978 1393 1014 177.
1437 955 1440 957 “

342 1093 514 1127 ALANUS
539 1092 752 1127 Balantinus
778 1092 874 1127 domi
897 1091 999 1126 bonis
1023 1091 1160 1126 artibus
1187 1102 1313 1126 vacare
1338 1091 1464 1136 coepit,
1492 1096 1569 1125 tum
1595 1092 1632 1125 in
1652 1090 1739 1125 Ger-

343 1151 497 1185 maniam
521 1150 672 1196 trajecit,
694 1150 928 1195 aptissimam,
954 1153 996 1184 ut
1019 1149 1088 1194 ipsi
1112 1148 1312 1189 videbatur,
1337 1148 1454 1182 Musis
1475 1148 1604 1189 sedem,
1631 1154 1738 1194 atque

344 1208 392 1243 ibi
418 1219 548 1254 magna
572 1208 745 1249 modestia
770 1207 889 1242 studia
914 1207 1079 1246 excoluit,
1105 1217 1196 1251 quae
1222 1206 1349 1240 deinde
1371 1206 1410 1240 in
1427 1205 1663 1240 celeberrimis
1688 1206 1738 1240 ibi

343 1265 539 1312 gymnasiis
569 1265 725 1299 docendo
752 1264 919 1299 exercuit.
971 1263 1121 1308 Scripsit
1146 1263 1271 1303 multa,
1297 1263 1359 1297 sed
1385 1263 1501 1307 apices
1527 1263 1590 1297 vix
1615 1263 1739 1307 depre-

344 1322 472 1363 hendi3
500 1327 618 1356 tamen
636 1327 731 1356 certo
749 1326 887 1356 constat
903 1321 1005 1356 illum
1022 1320 1220 1365 publicasse

490 1378 546 1413 De
564 1378 770 1420 Astrolabio
1057 1427 1059 1429 Ι
1131 1377 1193 1412 lib.
1213 1386 1240 1412 1.

488 1435 543 1470 De
561 1436 693 1470 Terrae
711 1435 883 1470 Mensura
1130 1435 1191 1469 lib.
1211 1444 1242 1474 1.v

490 1493 657 1536 Chronici
674 1493 885 1527 universalis
1132 1492 1193 1527 lib.
1215 1501 1240 1526 Ι.
1267 1491 1319 1527 Et
1336 1493 1422 1538 quia
1439 1491 1632 1527 Eduardus
1651 1493 1738 1526 Hal-

539 1551 594 1584 lus
615 1551 653 1584 in
673 1550 814 1584 Histor.
833 1549 1035 1596 Anglicana
1051 1550 1152 1584 illum
1177 1550 1311 1591 laudat,
1334 1550 1554 1595 ineptissime
1578 1550 1738 1595 Anglum

538 1607 622 1641 facit
640 1606 804 1650 Pitsaeus
822 1612 912 1641 cent.
933 1616 959 1641 1.
1654 1620 1660 1623 “

393 1664 547 1709 Vivebat
563 1676 656 1699 anno
675 1673 809 1699 MDLX.
862 1663 906 1698 In
924 1664 1125 1705 Germaniis
1143 1664 1242 1699 obiit.

814 1836 1122 1872 BRICMORUS.
1176 1840 1193 1871 1
1200 1840 1258 1876 78.

344 1954 598 1994 BRICMORUS,
633 1957 865 2000 cognomento
900 1952 1078 1998 Sophista,
1122 1953 1311 1988 canonicus
1353 1953 1540 1999 regularis,
1586 1952 1735 1987 Sanctae

344 2011 467 2046 Crucis
501 2010 798 2057 Edimburgensis
829 2012 1004 2051 alumnus,
1035 2011 1074 2044 in
1103 2010 1299 2045 Aristotele
1329 2011 1523 2057 volvendob.
1537 2012 1735 2050 consenuit,

342 2080 434 2103 unus
470 2080 514 2104 ex
548 2069 592 2103 iis
627 2070 688 2113 qui
723 2080 741 2103 e
775 2068 892 2103 Scotia
926 2080 970 2103 ex
1003 2068 1143 2103 decreto
1173 2069 1311 2102 concilii
1342 2067 1556 2103 Viennensis
1587 2069 1632 2102 ad
1662 2068 1737 2102 Ox-

344 2126 521 2161 oniensem
556 2126 781 2167 academiam,
817 2130 860 2161 ut
894 2137 997 2171 saepe
1030 2125 1097 2160 hoc
1140 2136 1244 2170 opere
1286 2125 1455 2166 diximus,
1497 2125 1627 2160 missus
1671 2131 1735 2159 est.

342 2182 490 2228 Scripsit

494 2239 782 2285 Hypomnemata
799 2241 837 2275 in
854 2239 1031 2275 Elenchos
1049 2238 1255 2280 Aristotelis
1310 2239 1371 2275 lib.
1390 2249 1434 2274 11.
1467 2278 1470 2280 ,
1527 2277 1529 2279 ,

491 2296 535 2330 In
552 2296 708 2341 ejusdem
727 2296 862 2342 Topica
932 2290 935 2292 ¹
1311 2297 1372 2332 lib.
1392 2306 1446 2331 IV.

491 2352 535 2387 In
552 2354 708 2399 ejusdem
726 2353 853 2388 Priora
1001 2392 1004 2395 s
1312 2355 1375 2390 lib.
1394 2364 1440 2394 112
1501 2390 1503 2392 .

493 2410 537 2445 In
555 2410 711 2457 ejusdem
730 2411 933 2446 Posteriora
1314 2412 1375 2451 lib.
1396 2420 1438 2446 11.
