1940 2986
584 826 650 872 D.
692 797 1003 872 IRVINUS
1039 824 1365 873 LECTORI
1406 825 1449 872 S.

334 1034 473 1074 INTER
494 1046 561 1073 eos
581 1033 665 1086 qui,
692 1032 864 1072 ineunte
891 1031 1029 1072 seculo
1056 1032 1216 1072 decimo
1243 1032 1429 1086 septimo,
1456 1035 1701 1076 eruditionis

333 1099 441 1137 fama
456 1096 648 1144 claruere,
662 1102 827 1135 tanturn
844 1110 928 1135 non
944 1096 1172 1150 principem
1189 1097 1351 1136 obtinet
1366 1096 1504 1137 locum
1520 1098 1701 1141 Thomas

332 1162 614 1214 Dempsterus,
634 1160 759 1199 homo
779 1160 934 1207 Scotus,
955 1165 997 1199 et
1016 1160 1164 1199 Scotici
1185 1160 1363 1200 nominis
1384 1161 1537 1202 vindex
1557 1166 1704 1204 acerri-

329 1238 433 1264 mus.
491 1223 722 1276 Utriusque
741 1223 908 1276 linguae
934 1223 1016 1262 fuit
1043 1223 1313 1271 doctissimus,
1341 1225 1394 1263 ad
1415 1226 1704 1279 jurispruden-

330 1288 411 1327 tiae
449 1286 615 1326 laudem
651 1286 947 1325 humaniorum
981 1285 1197 1325 literarum
1232 1287 1357 1327 decus
1392 1288 1608 1342 adjecerat,
1649 1299 1701 1339 et,

330 1351 443 1405 quod
463 1356 588 1404 caput
607 1355 679 1396 est,
699 1349 856 1403 patriae
876 1363 1036 1403 semper
1057 1349 1138 1388 fuit
1154 1351 1488 1406 amantissimus..
1521 1352 1626 1394 Erat
1641 1355 1702 1395 illi

330 1414 535 1455 fervidum
555 1413 781 1466 ingenium,
808 1412 975 1452 insolita
1000 1414 1222 1453 memoriae
1248 1414 1319 1462 vis,
1346 1415 1418 1454 sed
1444 1416 1586 1457 deerat
1612 1433 1703 1460 acre

329 1479 630 1531 subactumque
655 1476 888 1530 judicium3
918 1482 961 1516 et
987 1477 1160 1516 dictioni
1188 1479 1288 1531 ejus,
1317 1479 1414 1519 satis
1443 1479 1504 1519 illi
1531 1482 1701 1534 quidem

330 1543 525 1596 copiosae,
546 1541 684 1581 nescio
704 1540 807 1593 quid
827 1540 1023 1594 antiquae
1043 1540 1272 1594 elegantiae
1293 1556 1377 1582 non
1398 1557 1490 1583 raro
1510 1545 1635 1586 abest.

384 1606 442 1646 At
461 1620 557 1646 vero
578 1603 712 1658 qualis
733 1610 999 1658 quantusque
1018 1604 1081 1644 vir
1107 1605 1247 1653 fuerit,
1275 1610 1323 1645 tu
1350 1606 1469 1647 facile
1496 1608 1626 1650 discas
1652 1614 1703 1651 ab

329 1669 490 1723 Angelo
525 1668 741 1716 Fabronio,
781 1667 991 1707 Historiae
1030 1668 1277 1709 Academiae
1317 1669 1489 1711 Pisanae
1529 1678 1627 1713 tom.
1662 1676 1701 1716 ii.

329 1748 367 1787 p.
388 1736 481 1774 234.
540 1738 560 1756 ‘⁶
580 1732 647 1771 Ex
667 1746 715 1772 eo
742 1737 929 1785 tempore
956 1730 1072 1772 siluit
1099 1732 1404 1773 Pandectarum
1429 1735 1624 1777 cathedra
1650 1741 1701 1778 ad

330 1810 486 1836 annum
507 1809 639 1848 usque
664 1796 780 1842 1616,
800 1809 884 1847 quo
905 1794 1019 1834 illam
1040 1796 1256 1849 occupavit
1282 1797 1464 1837 Thomas
1484 1799 1702 1854 Dempste-

331 1873 411 1899 rus.
470 1858 664 1898 Hominis
698 1858 878 1911 dignitas
909 1864 1035 1910 atque
1069 1859 1178 1898 fama
1210 1860 1437 1900 admonent
1467 1876 1551 1909 nOS,
1582 1871 1630 1903 ut
1660 1867 1703 1905 in

329 1923 441 1963 illius
461 1923 546 1962 vita
565 1921 808 1975 explicanda
827 1920 1061 1975 paullulum
1083 1923 1555 1966 immoremur.-—Natus
1576 1935 1638 1968 est
1659 1930 1701 1969 in

329 1987 465 2027 Scotia
484 1985 624 2032 nobili,
645 1992 693 2025 ut
718 1985 861 2033 fertur,
887 1999 1047 2038 genere,
1074 1986 1188 2039 quod
1213 1985 1354 2039 plures
1380 1987 1568 2030 homines
1594 1993 1704 2045 pacis

329 2057 372 2091 et
390 2049 489 2090 belli
510 2049 667 2089 artibus
688 2048 784 2088 clari
806 2048 1125 2089 illustraverant.
1184 2049 1283 2089 Noli
1303 2057 1451 2104 putare
1472 2054 1702 2108 quidquam

328 2113 449 2154 illum
468 2112 535 2153 vel
555 2127 578 2152 a
606 2113 739 2166 prima
766 2118 901 2152 aetate
927 2112 1131 2160 maluisse,
1158 2127 1284 2167 quam
1311 2120 1359 2153 ut
1386 2130 1454 2155 eos
1483 2116 1613 2170 gloria
1639 2134 1703 2160 ae-

330 2183 487 2230 quaret,
507 2190 553 2216 ac
572 2176 758 2216 sedulam
778 2177 880 2216 adeo
901 2190 1067 2230 operam
1088 2176 1282 2217 Lutetiae
1304 2178 1554 2221 Parisiorum
1583 2196 1704 2224 nava-

329 2241 388 2280 vit
403 2240 509 2294 juris
530 2240 775 2293 prudentiae
796 2240 945 2287 studio,
965 2246 1015 2280 ut
1035 2255 1119 2280 non
1145 2241 1281 2289 modo,
1308 2256 1402 2282 cum
1429 2251 1569 2297 ageret
1596 2261 1702 2287 xvu.

329 2304 475 2344 aetatis
496 2318 664 2351 annum,
691 2303 832 2344 laurea
857 2304 1075 2344 decoratus
1102 2304 1239 2352 fuerit,
1267 2306 1339 2345 sed
1365 2312 1408 2346 et
1435 2321 1519 2348 non
1547 2310 1702 2352 multos

328 2373 422 2422 post
445 2381 574 2407 annos
601 2366 842 2421 disciplinae
871 2367 984 2407 illius
1011 2367 1175 2422 publice
1202 2369 1412 2411 docendae
1439 2385 1544 2412 onus
1571 2387 1704 2415 susce-

329 2431 447 2485 perit,
475 2431 517 2471 in
540 2431 712 2471 Davidis
740 2430 910 2472 Sincleri
936 2431 1075 2472 locum
1102 2433 1335 2474 succedens.
1395 2434 1473 2476 Vel
1500 2443 1598 2478 ante
1626 2439 1703 2479 hoc

1004 2494 1025 2530 b
