2044 2992
594 867 674 908 AD
704 866 967 908 THOMAM
999 865 1423 915 DEMPSTERUM,

707 986 955 1011 PERILLUSTR.
974 986 1021 1010 Ac
1041 986 1306 1011 REVERENDISS.

366 1083 399 1108 D.
418 1080 706 1109 BALTHASSARIS
723 1079 921 1107 BONIFACII
938 1079 1155 1113 RHOfflGINI,
1173 1080 1457 1109 ARCHIDIACONI
1476 1080 1656 1114 TARVISII,

824 1180 1189 1214 EPIGRAMMATA.

482 1306 645 1339 Barbaries
660 1306 815 1338 dominam
830 1305 944 1337 delevit
957 1305 1101 1338 funditus
1115 1307 1239 1345 urbem,

523 1358 621 1390 Nunc
636 1364 727 1390 vexat
744 1357 889 1396 Scotiam,
905 1353 983 1400 proh
999 1358 1121 1400 superi!
1146 1358 1288 1401 impietas
1301 1372 1309 1390 :

481 1411 534 1442 Tu
549 1410 603 1453 qui
618 1411 775 1442 Romanas
790 1415 879 1452 potes
893 1409 1063 1451 instaurare
1077 1410 1193 1449 ruinas,

523 1462 684 1493 Debueras
699 1462 816 1504 patriae
831 1462 969 1493 conditor
983 1472 1049 1493 esse
1065 1468 1148 1500 tuae,

482 1514 606 1556 Quique
620 1513 783 1545 recentasti
798 1513 936 1551 Latium,
953 1513 1000 1544 vir
1014 1524 1136 1555 magne,
1152 1519 1324 1553 vetustum,

523 1565 698 1608 Antiquare
714 1576 826 1597 novam
842 1565 992 1597 debueras
1008 1565 1151 1597 Scotiam.

895 1674 1122 1706 EJUSDEM.

483 1774 530 1806 Ut
545 1773 797 1815 Paralipomenis‚
814 1773 947 1811 Thoma,
963 1774 1050 1816 prius
1065 1775 1148 1806 edita
1163 1775 1285 1813 cedant,

527 1825 574 1856 Ut
591 1825 716 1856 meliora
731 1825 805 1856 cibis
821 1825 882 1855 sint
898 1825 1045 1863 analecta,
1061 1826 1144 1857 facis.

485 1876 564 1908 Esse
579 1882 746 1908 racemator
761 1876 869 1917 cupiat
879 1876 945 1917 jam
961 1876 1074 1908 vinitor
1087 1877 1164 1919 ipse,

528 1928 663 1970 Ipseque
674 1928 740 1969 jam
756 1938 870 1959 messor
885 1928 1030 1970 spicilego
1044 1928 1189 1960 invideat.

485 1980 584 2011 Nunc
599 1990 637 2011 ex
651 1979 795 2011 historiae
811 1978 906 2021 pratis
921 1979 1002 2021 rapis
1017 1980 1130 2019 omnia,
1146 1981 1252 2024 nilque

528 2031 713 2064 Foenisecae
729 2037 878 2073 superest,
895 2032 979 2073 quod
993 2032 1102 2063 sicilire
1117 2040 1219 2074 queat.

895 2134 1123 2166 EJUSDEM.

485 2236 547 2267 Seu
562 2235 704 2266 tenebrae
720 2235 851 2273 Scotiae‚
868 2246 923 2266 seu
938 2235 1012 2266 dant
1028 2235 1140 2267 oblivia
1155 2246 1278 2275 nomen,

528 2286 661 2318 Horruit
676 2287 847 2329 auspicium
862 2287 994 2318 nominis
1010 2287 1062 2318 illa
1078 2287 1134 2318 sui.

484 2338 636 2381 InclytuS,
654 2345 745 2380 atque
761 2339 844 2370 omni
860 2350 978 2381 semper
993 2340 1196 2371 memorabilis
1212 2351 1287 2372 aevo

527 2390 673 2432 Scriptor,
690 2391 729 2422 ab
744 2390 801 2422 hac
818 2397 897 2422 terra
913 2390 992 2422 tollit
1008 2397 1170 2434 utramque
1185 2399 1298 2424 notam.

484 2442 554 2480 Est,
570 2442 768 2484 ignominiam
785 2442 922 2474 Thomas
938 2442 993 2485 qui
1007 2444 1139 2474 nominis
1155 2444 1266 2483 aufert,

526 2495 598 2526 Lux
613 2495 740 2538 patriae,
757 2495 877 2528 Scotiae
891 2495 999 2537 gloria,
1015 2495 1118 2537 gentis
1132 2495 1241 2528 honos.
