2032 2912
697 322 887 382 '‘GENTIS
909 346 1185 387 SCOTORUM
1211 346 1299 380 LIB.
1323 348 1369 380 11.
1698 349 1738 381 91

794 499 831 534 S.
857 499 1146 536 BARNABAS.
1199 499 1281 535 160.

344 616 380 650 S.
408 616 644 654 BARNABAS‚
668 613 849 658 apostolus
875 617 910 648 et
934 613 1133 659 discipulus
1158 613 1317 655 Domini,
1343 615 1382 649 in
1407 614 1526 650 Scotia
1551 617 1734 650 conciona-

342 678 411 712 tus,
430 671 652 718 evangelium
670 670 826 711 diffudit,
844 669 976 718 Georg.
993 670 1179 706 Garnefelt
1195 670 1456 706 Carthusianus
1473 673 1550 707 loco
1573 674 1734 717 proxime

340 740 449 774 supra
467 728 611 763 laudato
627 739 672 763 ex
688 728 812 763 multis
830 728 1044 768 auctoribus,
1062 727 1193 773 quibus
1206 727 1408 763 addendum
1421 728 1731 772 Scotichronicou;

340 792 376 821 et
404 787 496 822 hanc
524 786 676 832 gloriam
706 785 803 821 Scoti
831 785 993 821 lubentes
1022 796 1246 826 veneramur,
1278 790 1490 831 tantumque
1524 797 1732 831 praeconem

341 844 444 878 enixe
460 854 605 878 oramus
622 843 794 888 quotidie,
814 847 858 878 ut
875 853 916 878 ea
931 842 1083 888 puritas,
1105 853 1213 888 quam
1236 843 1313 888 ipse
1336 843 1468 878 insevit
1491 843 1628 879 Scotiae
1652 855 1732 879 nos-

322 906 427 941 trae,
453 901 598 935 tandem
623 900 744 935 redeat
768 911 850 935 cum
876 911 917 935 eo
939 899 1078 935 fervore
1100 910 1172 946 quo
1194 911 1232 935 se
1254 900 1314 935 ille
1336 899 1406 935 Dei
1424 901 1588 936 ecclesiae
1605 912 1731 947 propa-

340 958 476 1003 gandae
494 958 697 993 devoverat.
749 957 846 992 Hinc
864 957 997 993 habent
1013 957 1120 998 Senti,
1143 958 1239 1003 quod
1262 963 1367 993 antea
1389 959 1603 999 nesciebant,
1626 959 1731 994 fidem

340 1015 476 1049 Christi
499 1015 738 1059 apostolorum
761 1014 992 1060 temporibus,
1016 1020 1052 1050 et
1074 1015 1119 1050 ab
1142 1015 1230 1061 ipsis
1252 1016 1433 1061 apostolis,
1450 1016 1519 1051 sibi
1536 1018 1731 1052 communi-

340 1078 466 1113 catam,
484 1077 520 1107 et
536 1072 713 1107 maturius
730 1081 788 1107 cc.
806 1072 909 1107 annis
926 1083 1034 1117 quam
1051 1072 1257 1118 putabatur.
1281 1072 1395 1109 Porro
1412 1073 1475 1109 SS.
1499 1075 1556 1109 vir
1572 1075 1730 1119 scripsis-

342 1142 377 1163 se
395 1130 591 1174 putabatur

487 1187 689 1232 Epistolam
707 1187 752 1221 ad
769 1186 948 1222 Ecclesiae
965 1186 1256 1222 Aedificationem
1274 1189 1520 1233 pertinentem.
1569 1189 1729 1234 Apocry-

536 1244 646 1289 pham
668 1248 788 1279 censet
809 1244 962 1280 Sanctus
987 1244 1230 1289 Hieronymus
1248 1244 1430 1292 Catalogo.
1458 1246 1587 1282 Petrus
1611 1247 1671 1281 lib.
1693 1256 1728 1280 v.

536 1311 613 1345 cap.
631 1309 696 1335 cv.

389 1358 528 1393 Colitur
545 1366 603 1393 xl.
621 1356 646 1392 J
647 1357 735 1393 uniit

758 1456 795 1491 S.
821 1455 1182 1492 BACCHIARIUS.
1236 1456 1318 1492 161.

336 1533 371 1565 S.
393 1531 689 1572 BAcemAmUs,
706 1535 941 1577 cognomento
959 1530 1157 1572 Maecaeus,
1174 1535 1216 1566 ut
1233 1529 1396 1567 nonnulli
1413 1533 1551 1573 volunt,
1568 1533 1649 1568 licet
1667 1534 1727 1568 alii

337 1590 426 1623 duos
443 1588 587 1629 faciant,
611 1587 806 1633 discipulus
823 1587 947 1623 Sancti
964 1588 1125 1629 Patricii,
1142 1589 1186 1623 de
1202 1599 1274 1634 quo
1291 1594 1405 1636 agunt
1423 1589 1646 1637 Capgravius
1665 1591 1729 1625 Ca-

336 1648 455 1692 talogo
473 1645 534 1680 SS.
555 1645 694 1681 Britan.
714 1645 972 1691 Harpesfeldus
989 1648 1108 1681 seculo
1125 1655 1180 1681 VI.
1197 1657 1274 1692 cap.
1294 1655 1401 1681 xxu.
1452 1647 1601 1692 Scripsit

484 1702 545 1737 Ad
562 1702 718 1737 Leonem
737 1703 767 1738 Ι.
786 1702 921 1748 Papam
941 1715 1006 1748 pro
1025 1704 1318 1750 Peregrinatione
1427 1704 1488 1739 lib.
1508 1714 1533 1739 1.

386 1760 526 1794 Claruit
551 1771 644 1795 anno
670 1768 840 1795 ccccxx.
866 1760 930 1805 qui
955 1761 1144 1805 persuadet
1166 1766 1209 1796 ut
1237 1761 1387 1796 eundem
1418 1762 1617 1797 existimem
1648 1774 1727 1797 cum

336 1819 466 1851 Sancto
484 1816 659 1858 Maccaeo,
677 1822 719 1852 ut
735 1817 796 1852 lib.
815 1825 889 1851 XII.
908 1817 1013 1851 infra.
1249 1827 1250 1830 ’

790 1931 827 1966 S.
854 1930 1140 1967 BARUCHUS.
1192 1932 1274 1968 162.

335 2048 370 2080 S.
407 2048 644 2088 BARUCHUS,
679 2047 828 2082 antistes
864 2047 1119 2088 sanctissimus,
1154 2048 1331 2082 maximus
1373 2048 1560 2083 Scotorum
1595 2050 1727 2094 episco-

335 2116 413 2148 pus,
439 2105 501 2149 qui
525 2105 562 2138 in
586 2104 716 2139 Rossia
739 2104 916 2140 residebat
938 2109 980 2139 ut
1003 2105 1209 2149 plurimum,
1233 2115 1314 2141 cum
1337 2107 1469 2141 multos
1493 2117 1603 2141 annos
1627 2118 1727 2152 prae-

335 2162 572 2197 dicationibus
605 2163 776 2207 populum
811 2163 987 2203 lactasset,
1021 2162 1059 2197 in
1095 2162 1306 2197 Hiberniam
1340 2164 1494 2203 secessit,
1528 2168 1564 2198 et
1599 2166 1726 2198 exinde

335 2220 371 2251 in
402 2219 640 2260 Britanniam,
671 2231 734 2254 seu
763 2219 945 2260 Walliam,
972 2219 1034 2254 ubi
1064 2220 1153 2255 obiit
1182 2221 1435 2256 miraculorum
1465 2223 1583 2268 gratia
1617 2224 1727 2269 glori-

335 2277 441 2310 osius.
495 2276 578 2311 Gul.
597 2276 810 2318 Camdenus,
830 2277 897 2311 etsi
913 2277 1123 2318 haereticus,
1140 2282 1259 2312 tamen
1277 2290 1358 2313 eum
1374 2284 1395 2299 “
1409 2279 1526 2314 virum
1543 2282 1724 2315 sanctum'’

334 2340 437 2369 vocat
462 2345 544 2381 pag.
570 2343 672 2369 -va.
697 2334 832 2379 primae
858 2334 1034 2370 editionis.
1061 2334 1122 2370 Ab
1147 2347 1188 2370 eo
1213 2336 1358 2371 comites
1384 2336 1626 2377 Cathenesiae‚
1654 2338 1726 2371 ‹lic-

335 2392 362 2425 ti
393 2391 510 2432 Barri,
540 2401 694 2437 quorum
722 2391 890 2437 frequens
920 2401 1001 2426 cum
1030 2392 1175 2439 regibus
1208 2394 1339 2429 nostris
1373 2393 1536 2436 affinitas,
1573 2396 1617 2429 ad
1652 2401 1725 2429 ata-

336 2459 472 2490 vorum,
501 2450 582 2484 licet
607 2449 744 2484 minore
769 2450 894 2496 gradu,
921 2454 1081 2496 tempora
1106 2450 1372 2487 descenderunt.
1423 2451 1722 2487 Scotichronicon.
