2032 2912
355 313 399 344 54
734 305 963 340 HISTORIA
988 303 1360 338 ECCLESIASTICA

359 416 398 439 ac
415 405 538 440 deinde
555 401 710 448 ejusdem
727 401 793 435 loci
811 399 928 440 abbas,
947 396 1090 444 scripsit

500 460 555 493 De
571 463 721 502 utroque
738 455 856 490 Adam
1285 455 1347 490 lib.
1367 464 1392 490 1.

500 514 674 560 Mysteria
692 512 872 548 Passionis
891 511 1026 546 Christi
1285 513 1348 548 lib.
1367 521 1393 547 1.

496 571 551 605 De
568 570 611 604 B.
630 570 698 605 Dei
717 570 834 604 Matre
1286 570 1349 605 lib.
1369 578 1395 604 1.

401 629 500 663 Obiit
517 639 609 662 anno
629 635 834 662 Mcxcvm.
886 624 1174 661 Scotichronicon
1190 624 1251 660 lib.
1271 633 1363 661 vm.
1381 627 1458 671 cap.
1478 635 1562 662 mx.

848 738 1116 775 ALCUINUS.
1168 741 1227 778 90.

350 858 564 893 Amunws
589 855 870 902 consanguineus
896 853 932 888 S.
958 851 1116 894 Alcuini,
1141 854 1204 898 qui
1229 858 1437 899 praeceptor
1461 854 1582 890 Caroli
1606 855 1733 904 Magni

350 915 562 950 academiam
582 913 815 948 Parisiensem
832 911 1055 951 fundaverat,
1073 914 1120 951 et,
1137 914 1180 945 ut
1203 910 1293 946 falso
1316 912 1484 952 creditur,
1509 913 1548 947 in
1572 912 1736 949 Melz-osi-

350 973 424 1006 ensi
450 970 615 1006 coenobio
640 969 798 1010 indutus,
823 973 946 1014 postea
970 967 1007 1002 S.
1033 967 1159 1002 Crucis
1184 967 1293 1003 abbas
1317 968 1445 1010 factus,
1471 974 1591 1004 sancte
1608 970 1735 1016 pieque

349 1040 386 1062 se
402 1028 522 1074 gessit,
540 1027 601 1061 sed
620 1026 719 1060 brevi
737 1030 896 1071 tempore
912 1025 1127 1060 monasterio
1146 1024 1313 1071 praefuit,
1363 1025 1461 1061 Nam
1485 1031 1507 1047 “
1523 1038 1643 1062 rerum
1661 1038 1737 1063 coe-

348 1085 489 1119 lestium
520 1083 812 1127 contemplatione
842 1082 1022 1128 abreptus,
1054 1093 1159 1119 curae
1187 1083 1446 1125 renunciavit‚’'
1476 1084 1595 1130 inquit
1624 1084 1735 1121 Scoti-

350 1140 537 1175 chronicon
554 1139 615 1174 lib.
634 1147 672 1173 v.
691 1150 767 1184 cap.
788 1148 909 1175 XLIII.
960 1139 1110 1185 Scripsit

494 1196 671 1232 Homilias
688 1197 766 1242 pias
1282 1198 1343 1232 lib.
1365 1207 1390 1232 1.

495 1253 677 1298 Epistolas
695 1255 740 1288 ad
758 1254 916 1289 diversos
1282 1254 1341 1290 lib.
1362 1263 1386 1289 I.

398 1311 513 1346 Curae
530 1311 752 1346 renunciavit
769 1321 863 1347 anno
881 1319 1027 1346 MCXLI.

860 1426 896 1460 S.
922 1425 1108 1462 ALMUS.
1160 1428 1219 1466 91.

349 1542 385 1576 S.
416 1540 564 1575 ALMUs
595 1538 849 1581 Cisterciensis,
884 1540 958 1574 sive
991 1540 1246 1583 Bernardinus,
1281 1541 1325 1575 S.·
1353 1540 1538 1577 Benedicti
1572 1545 1732 1590 regulam

348 1598 537 1644 professus,
570 1597 706 1642 primus
739 1597 847 1632 abbas
879 1597 917 1631 in
950 1598 1225 1633 celebratissimo
1264 1599 1430 1634 coenobio
1470 1600 1565 1645 quod
1607 1600 1732 1636 Emer-

349 1656 459 1701 garda
487 1654 622 1700 regina,
653 1653 763 1700 Regis
793 1653 978 1689 Wilhelmi
1008 1666 1112 1697 uxor,
1152 1660 1187 1690 et
1225 1655 1336 1702 Regis
1373 1655 1571 1690 Alexandri
1606 1663 1730 1699 mater,

347 1713 570 1752 fundaverat,
597 1712 692 1756 quod
717 1722 739 1745 a
763 1712 905 1746 nomine
930 1712 1042 1757 ipsius
1067 1711 1310 1747 Almurenoch
1336 1713 1399 1747 diu
1425 1718 1603 1755 vocatum,
1634 1721 1731 1759 post-

346 1781 386 1803 ea
411 1773 575 1813 corrupta
601 1778 685 1802 voce
710 1767 973 1803 Balmurenoch
998 1769 1113 1814 coepit
1138 1770 1269 1810 vocari,
1300 1770 1356 1804 vir
1385 1769 1457 1805 fuit
1486 1770 1563 1806 sine
1593 1777 1731 1808 contro-

346 1827 459 1860 versia
485 1837 550 1860 sua
574 1829 688 1860 aetate
713 1825 938 1860 doctissimus
960 1829 995 1860 et
1019 1825 1277 1871 pientissimus,
1303 1827 1383 1862 ideo
1406 1834 1559 1863 vocatus
1590 1840 1609 1863 e
1640 1830 1731 1865 Mel-

347 1883 492 1917 rosiensi
510 1882 687 1923 coenobio,
705 1882 782 1927 ipso
800 1882 856 1917 die
874 1881 909 1917 S.
929 1882 1062 1918 Luciae
1078 1884 1233 1928 suscepit
1256 1884 1341 1919 novi
1366 1887 1572 1921 monasterii
1596 1897 1728 1922 curam.

345 1940 492 1984 Scripsit

491 1997 546 2031 De
564 1996 784 2032 Perfectione
801 1996 982 2044 Religiosa
1278 2000 1338 2035 lib.
1359 2009 1385 2034 1.

491 2053 584 2089 Acta
608 2053 768 2100 Reginae
792 2054 1033 2101 Emergardae
1059 2056 1120 2091 lib.
1148 2066 1173 2091 1.
1200 2056 1289 2092 Fuit
1315 2057 1402 2092 haec
1425 2057 1497 2093 filia
1521 2058 1660 2094 comitis
1685 2061 1729 2094 de

539 2111 770 2152 Bellomonte,
800 2111 862 2157 qui
892 2116 969 2146 erat
998 2112 1092 2148 filius
1121 2114 1270 2150 senioris
1299 2114 1392 2150 filiae
1420 2115 1605 2151 Wilhelmi
1637 2116 1729 2152 Nor-

538 2169 634 2202 mani
651 2168 758 2215 regis.

399 2224 519 2259 Abbas
536 2229 671 2260 creatus
689 2230 743 2261 est
760 2237 852 2261 anno
872 2233 1078 2262 Mccxxlx.
1128 2228 1233 2264 Hect.
1252 2229 1380 2266 Boeth.
1399 2231 1460 2266 lib.
1480 2240 1572 2266 XIII.
1591 2242 1666 2276 cap.
1686 2240 1725 2266 X.

351 2280 449 2315 Obiit
467 2292 558 2317 anno
576 2290 760 2318 MceLXX.
811 2283 904 2320 Acta
921 2284 1017 2320 iuius
1035 2286 1251 2322 monasterii.
