2032 2912
683 342 859 374 GENTIS
885 341 1162 380 SCOTORUM,
1187 341 1276 373 LIB.
1302 340 1361 373 1V.
1651 341 1714 373 227

320 437 552 481 complurima
569 436 675 477 edita,
695 437 756 470 sed
776 437 865 470 nihil
883 437 927 470 ad
945 448 1071 471 manus
1089 448 1185 471 meas
1204 436 1389 481 pervenit:
1415 440 1540 470 extant
1558 439 1678 470 tamen

474 494 644 528 Poemata
662 494 925 539 elegantissima
1310 494 1370 527 lib.
1392 503 1416 527 1.

468 551 658 586 Orationes
675 551 949 585 facundissimae
1308 552 1370 586 lib.
1391 561 1415 585 1.
1434 559 1475 586 ut
1493 552 1606 586 aiunt.

469 608 586 642 Notae
603 609 648 642 ad
666 608 815 642 Florum
834 606 1084 651 Epitomasten
1311 609 1372 643 lib.
1393 618 1418 642 1.

370 666 539 701 Florebat
557 677 651 700 anno
670 674 819 700 MDxer.

752 779 986 815 JOANNES
1011 780 1157 816 DUNS.
1211 783 1295 816 421.

322 898 516 932 JOANNES
539 898 655 939 Duns,
674 898 718 932 ab
736 899 882 932 ineunte
900 902 1016 932 aetate
1042 897 1087 931 D.
1115 897 1298 933 Francisci
1323 897 1497 933 familiam
1523 900 1715 945 ingressus,

320 962 395 990 tam
425 957 600 1001 stupendo
630 956 701 990 fuit
731 956 867 1001 ingenii
899 956 1073 995 acumine,
1105 960 1146 990 ut
1176 967 1308 1001 paucos
1339 967 1441 1001 pares
1471 957 1638 991 habuisse
1666 959 1720 991 ul-

321 1015 356 1048 la
373 1019 491 1048 aetate
508 1018 704 1049 censeatur.
743 1018 764 1033 ‘⁶
778 1013 913 1048 Doctor
926 1013 1192 1054 subtilissimus,
1208 1018 1243 1048 et
1256 1014 1421 1059 princeps
1439 1014 1719 1060 theologorum.”

322 1071 479 1116 Philipp.
508 1072 551 1105 de
577 1072 841 1118 Bagnacavallo
867 1072 905 1105 in
926 1070 1075 1115 praefat.
1100 1071 1226 1106 Limae
1251 1071 1437 1108 Veritatis.
1488 1072 1562 1107 Jul.
1591 1072 1721 1106 Caesar

321 1129 480 1176 Scaliger
510 1130 766 1164 exercitatione
802 1130 840 1163 in
871 1128 1075 1163 Cardanum
1105 1139 1300 1164 CCCXXIv.
1345 1134 1366 1150 “
1392 1130 1495 1164 Nihil
1525 1135 1601 1164 erat
1626 1131 1722 1174 quod

322 1198 444 1232 capere
476 1199 547 1222 non
577 1188 752 1232 potuisset
781 1187 891 1233 huJus
923 1187 992 1220 viri
1016 1187 1202 1233 ingenium
1227 1188 1257 1222 si
1280 1192 1442 1232 tempora
1465 1188 1719 1232 permisissent,

322 1257 412 1289 quae
427 1251 505 1280 tum
520 1246 705 1279 literarum
720 1249 931 1279 ornamenta
944 1245 1184 1290 denegabant3
1205 1246 1351 1280 nuncin
1365 1246 1574 1280 scholastico
1588 1246 1650 1279 illo
1663 1256 1723 1279 ne-

322 1304 395 1337 scio
413 1304 598 1337 curiosone
616 1303 730 1348 magis
749 1314 795 1336 an
813 1302 894 1336 utili
913 1303 1134 1347 disceptandi
1152 1304 1196 1337 de
1213 1303 1320 1338 rebus
1339 1304 1447 1338 sacris
1465 1314 1604 1349 genere,
1633 1303 1723 1336 nihil

322 1373 363 1395 eo
387 1361 566 1400 subtilius
593 1361 684 1394 nihil
710 1361 907 1394 absolutius
934 1360 1019 1394 est.'’
1071 1360 1249 1394 Joachim.
1268 1361 1454 1395 Vadianus
1473 1365 1662 1394 comment.
1686 1361 1724 1394 in

322 1419 478 1452 Melam:
498 1423 519 1438 ‘⁵
535 1417 752 1463 Theologica
769 1418 945 1461 sapientia
958 1418 1076 1451 clari.'’
1111 1417 1168 1452 De
1183 1416 1429 1452 Franciscanis
1447 1418 1584 1452 Anton.
1604 1417 1724 1452 Sabel-

322 1477 378 1510 lic.
397 1475 561 1510 Ennead.
579 1484 635 1509 IX,
651 1475 712 1509 lib.
732 1484 784 1508 VI.
803 1475 841 1508 in
859 1475 1035 1520 principio
1051 1486 1059 1510 :
1085 1479 1107 1494 ‘⁶
1120 1475 1390 1517 Bonaventura‚
1409 1475 1432 1509 J
1436 1486 1566 1509 oannes
1585 1475 1723 1516 Scotus‚

322 1535 534 1569 Franciscus
556 1533 753 1573 Maronius,
779 1533 994 1574 Richardus,
1020 1533 1190 1568 Nicolaus
1215 1533 1399 1579 Lyrensis,
1424 1538 1459 1568 et
1481 1534 1542 1567 alii
1563 1534 1726 1568 innume-

321 1594 364 1633 ri,
391 1603 474 1626 nam
500 1591 623 1626 florem
650 1591 833 1636 religionis
860 1591 1105 1637 attingimus.''
1146 1591 1251 1626 Joan.
1280 1591 1456 1626 Polemar.
1484 1591 1725 1626 Barcinonen-

323 1651 371 1685 sis
389 1650 451 1684 lib.
477 1650 520 1683 de
545 1649 654 1683 Civili
680 1648 851 1682 Dominio
878 1648 1098 1683 Clericorum
1124 1661 1206 1695 pag.
1234 1658 1386 1683 CCLXX.
1416 1653 1438 1668 “
1457 1648 1526 1682 His
1553 1649 1724 1683 addamus

324 1708 528 1747 Rabannm,
547 1706 696 1746 Bedam,
717 1706 923 1752 Hugonem,
951 1706 1174 1741 Richardum
1198 1708 1242 1740 de
1265 1706 1299 1740 S.
1316 1706 1471 1746 Victore,
1498 1706 1723 1745 Anselmum,

324 1766 512 1800 Nicolaum
532 1765 575 1798 de
599 1764 709 1809 Lyra,
734 1763 768 1797 S.
792 1763 1031 1804 Bernardum,
1059 1764 1238 1798 Thomam
1265 1765 1308 1798 de
1333 1762 1491 1808 Aquino,
1519 1764 1722 1804 Albertum‚

323 1824 628 1861 Bonaventuram,
648 1821 798 1855 Petrum
816 1821 859 1855 de
878 1821 1102 1862 Tarantasio,
1123 1821 1280 1862 Scotum,
1299 1826 1334 1855 et
1348 1822 1467 1866 plures
1485 1822 1572 1855 alios
1590 1822 1652 1866 qui
1671 1833 1724 1855 ec-

325 1882 467 1916 clesiam
493 1880 562 1914 Dei
589 1880 663 1914 suis
688 1880 916 1913 illustrarunt
938 1880 1112 1924 scriptis.'’
1170 1879 1421 1913 Celebritatem
1448 1879 1596 1912 humani
1621 1880 1725 1913 intel-

325 1941 437 1974 lectus
469 1949 532 1982 per
562 1949 644 1972 eum
679 1937 872 1983 significari
907 1938 1034 1971 volunt
1069 1936 1245 1983 Georgius
1279 1936 1438 1971 Venetus
1473 1938 1510 1970 in
1548 1937 1721 1971 Harmon.

325 1997 454 2031 Mund.
475 2002 510 2030 et
527 1995 664 2030 Anton.
685 1995 894 2028 Ricciardus
915 1995 1110 2030 Brixianus
1129 1996 1167 2028 in
1190 1995 1393 2040 Symbolica
1417 1994 1591 2029 Historia.
1620 1995 1721 2029 Paul.

324 2055 486 2101 Langius
544 2053 735 2100 Cygnaeus
795 2052 1034 2087 Bosawiensis
1085 2053 1123 2087 in
1175 2053 1353 2087 Chronico
1405 2052 1579 2087 Citizensi
1631 2065 1724 2088 anno

327 2121 542 2147 MCCCXXX.
580 2116 600 2130 “
626 2111 783 2145 Joannes
816 2110 943 2144 Scotus
974 2111 1110 2145 ordinis
1142 2111 1339 2151 Minorum,
1371 2112 1433 2156 qui
1470 2111 1515 2145 ob
1550 2112 1724 2156 perspica-

326 2172 469 2205 citatem
488 2175 522 2204 et
548 2169 798 2203 claritudinem
825 2169 960 2214 ingenii
988 2169 1043 2202 sui
1067 2169 1235 2203 Doctoris
1254 2168 1402 2203 Subtilis
1427 2180 1556 2203 nomen
1581 2170 1724 2210 meruit,

326 2231 419 2263 inter
443 2233 600 2273 quatuor
624 2227 875 2271 principalium
895 2232 1071 2261 sectarum
1098 2227 1258 2261 doctores
1285 2228 1401 2261 locum
1419 2231 1542 2261 tenens
1567 2228 1725 2267 tertium,

325 2292 450 2326 sectae,
469 2297 560 2331 quae
578 2297 598 2319 a
616 2285 759 2318 nomine
779 2296 844 2318 suo
862 2284 1097 2318 Scotistarum
1124 2285 1335 2329 appellatur,
1360 2285 1434 2318 dux
1452 2289 1487 2318 et
1505 2285 1655 2331 signifer
1673 2286 1726 2320 in-

325 2345 566 2384 victissimus3
599 2343 661 2388 qui
688 2347 723 2377 et
747 2343 823 2387 ipse
849 2342 1074 2386 philosophia
1101 2343 1261 2382 seculari,
1289 2342 1527 2387 Peripatetica
1551 2343 1724 2383 videlicet,

327 2407 498 2442 armatus,
517 2401 679 2436 omnium
705 2405 787 2434 ante
810 2411 846 2434 se
873 2400 1104 2434 scribentium
1130 2400 1426 2446 theologistarum
1453 2401 1636 2445 opiniones
1661 2401 1725 2434 im-

326 2460 514 2506 pugnavit,
542 2465 578 2494 et
605 2470 687 2494 suas
714 2463 874 2493 statuens
899 2462 1072 2503 quantum
1100 2458 1225 2499 valuit,
1250 2458 1378 2504 dejecit
1403 2463 1438 2493 et
1464 2459 1600 2499 diruit3
1629 2459 1725 2492 theo-
