2032 2912
697 345 873 379 GENTIS
898 343 1174 383 SCOTORUM,
1199 343 1290 376 LIB.
1314 343 1341 376 1.
1671 343 1713 373 83

520 438 706 484 tychianos
723 439 914 479 collectam,
1159 438 1220 472 lib.
1240 447 1267 472 1.

368 496 471 531 Obiit
487 495 665 530 confessor
677 506 771 529 anno
784 503 957 529 cDLvnt.
971 506 1065 529 anno
1077 493 1114 528 S.
1129 494 1260 529 Leonis
1274 493 1304 528 1.
1323 502 1413 528 XIX.
1427 496 1599 539 regnante
1615 493 1711 537 apud

320 553 443 587 Scotos
461 552 625 598 Eugenio
643 551 692 586 II.
717 551 928 586 Translatae
945 550 1084 586 Salinas
1107 551 1277 596 reliquiae
1300 551 1443 586 sedente
1466 550 1586 585 Leone
1602 548 1708 585 VIII.

320 615 492 656 regnante
508 609 547 643 in
564 608 682 643 Scotia
701 607 893 654 Indulpho.

850 778 1068 814 ALANUS.
1120 781 1179 814 44.

316 896 501 937 ALANUS,
527 896 711 941 episcopus
734 894 977 936 Cathenesiae‚
1003 893 1141 929 Scotiae
1164 894 1394 929 cancellarius
1419 894 1466 929 ab
1488 893 1660 929 Eduardo
1678 894 1706 928 Ι.

317 953 471 1000 Angliae
488 965 570 1000 rege
588 953 773 998 tyrannice
795 952 967 991 intrusus,
991 950 1086 986 facta
1111 952 1280 986 electione
1302 963 1367 996 per
1388 951 1564 986 Joannem
1588 951 1710 986 Cumi-

316 1021 404 1045 num
421 1015 456 1045 et
473 1010 497 1044 J
498 1010 647 1045 acobum
664 1010 862 1049 Stuartum,
880 1009 943 1054 qui
960 1009 1068 1043 nimis
1085 1008 1259 1055 Anglicae
1277 1008 1423 1044 factioni
1441 1008 1584 1043 addicti.
1638 1009 1707 1043 Hic

315 1079 422 1112 porro
438 1078 482 1101 ex
499 1066 610 1113 Angli
634 1067 754 1112 potius
777 1066 972 1106 commodo,
995 1076 1103 1111 quam
1125 1066 1263 1111 patriae
1286 1077 1406 1100 amore
1428 1070 1492 1100 aut
1514 1065 1648 1100 honore
1671 1077 1707 1100 se

314 1126 426 1170 gessit
442 1125 481 1158 in
498 1124 612 1164 initio,
630 1128 752 1168 postea
769 1128 889 1158 tamen
906 1123 1066 1167 resipuit,
1086 1127 1122 1158 et
1135 1124 1180 1158 ad
1194 1124 1375 1158 meliorem
1389 1127 1544 1157 mentem
1557 1123 1707 1163 rediens,

315 1181 502 1216 Stuartum
526 1192 547 1215 a
569 1180 722 1215 factione
745 1180 946 1226 Anglicana
968 1181 1129 1221 retraxit,
1153 1185 1189 1215 et
1211 1180 1313 1226 regni
1337 1180 1442 1214 decus
1466 1180 1552 1214 totis
1570 1180 1706 1215 viribus

314 1238 530 1282 procuravit,
554 1242 596 1271 ut
618 1241 765 1281 apparet
788 1247 833 1270 ex
854 1236 1031 1280 operibus,
1054 1247 1207 1281 quorum
1232 1237 1348 1281 apices
1372 1237 1410 1272 in
1434 1236 1606 1282 Catalogo
1623 1236 1707 1271 Dei-

313 1294 408 1328 rensi
427 1298 629 1339 supersunt,
649 1298 695 1333 et,
712 1298 755 1327 ut
772 1293 948 1333 existimo,
966 1293 1062 1337 apud
1078 1293 1360 1327 illustrissimum
1378 1293 1542 1328 comitem
1557 1292 1707 1328 Martia-

314 1351 382 1385 lem
400 1352 438 1385 in
455 1350 668 1386 bibliotheca
684 1349 864 1384 Dunotria
881 1354 1017 1384 extant.

463 1408 576 1453 Super
596 1407 798 1454 Regalitate
816 1406 965 1441 Roberti
977 1406 1102 1441 Brusii
1252 1407 1313 1442 lib.
1334 1416 1362 1441 1.

462 1464 646 1510 Epistulae
664 1464 709 1498 ad
726 1464 925 1499 Robertum
938 1463 1013 1498 Ros
1030 1464 1092 1499 lib.
1107 1473 1133 1498 1.
1153 1464 1224 1499 Hic
1237 1464 1282 1499 ab
1294 1463 1416 1510 Anglo
1428 1464 1566 1509 primus
1581 1465 1705 1500 nobili-

509 1533 571 1557 um
593 1521 731 1562 defecit,
754 1526 791 1555 et
812 1520 1087 1567 Rokesburgum
1109 1521 1226 1556 tenuit
1248 1526 1386 1556 armata
1408 1532 1528 1562 manu,
1552 1521 1705 1569 Anglos-

510 1590 580 1625 que
597 1580 642 1614 ad
665 1578 939 1614 internecionem
963 1578 1105 1619 delevit,
1128 1583 1170 1613 ut
1192 1583 1353 1614 auctores
1377 1583 1462 1614 sunt
1486 1579 1656 1614 Trivetus
1671 1584 1705 1614 et

510 1636 753 1683 Abingtonus,
772 1647 837 1670 nec
854 1635 1038 1671 Caxtonus
1055 1636 1234 1670 dissentit.

362 1695 513 1730 Creatus
540 1698 594 1728 est
619 1693 847 1728 cancellarius
873 1702 948 1728 XII.
974 1692 1078 1728 Junii
1103 1704 1197 1728 anno
1222 1693 1348 1728 salutis
1376 1701 1547 1728 MCCXCI.
1579 1692 1704 1728 Holin-

314 1752 444 1787 shedus
461 1762 542 1797 pag.
563 1759 728 1785 Deccnl.

830 1864 1077 1900 AUMINUS.
1129 1866 1187 1899 45.

314 1981 513 2016 AUMINUS
531 1980 698 2021 Keldeus‚
718 1985 754 2015 et
771 1979 986 2015 Keldeorum
1010 1979 1160 2014 ultimus
1183 1979 1417 2024 praepositus.
1468 1978 1561 2014 Sunt
1583 1984 1703 2015 autem

315 2038 451 2079 Keldei,
490 2050 553 2073 seu
586 2038 723 2078 Culdei,
757 2038 827 2072 viri
861 2038 912 2083 pii
946 2037 1133 2072 sanctitate
1167 2037 1334 2076 illustres,
1368 2047 1458 2081 quos
1492 2037 1608 2081 patria
1642 2048 1703 2072 vo-

313 2106 351 2129 ce
379 2096 432 2129 sic
461 2095 639 2135 dixerunt,
670 2094 773 2139 quasi
803 2094 871 2128 Dei
902 2095 1065 2134 cultores,
1095 2098 1137 2128 ut
1166 2094 1205 2128 in
1230 2093 1421 2138 Apparatu
1451 2092 1588 2129 Scotico
1617 2106 1700 2142 pag.

315 2160 453 2185 CXLV1.
482 2150 559 2185 Hos
585 2151 722 2191 Graeci,
748 2155 790 2185 ut
816 2151 992 2192 existimo,
1024 2151 1270 2196 Therapeutas
1301 2156 1485 2186 vocarunt.
1515 2151 1702 2186 Bellarmi-

313 2220 382 2242 nus
400 2208 586 2242 cardinalis
605 2219 649 2243 ex
667 2208 828 2243 Philone.
880 2207 938 2242 Sic
955 2207 991 2242 S.
1007 2207 1152 2243 Marcus
1165 2209 1266 2243 audit
1279 2208 1412 2243 Euseb.
1426 2208 1487 2243 lib.
1503 2217 1546 2242 11.
1565 2219 1595 2243 c.
1615 2217 1700 2244 XVI.

314 2265 498 2300 Sozomen.
525 2265 585 2300 lib.
615 2275 640 2300 1.
666 2277 742 2311 cap.
770 2274 844 2300 ΧΠ.
883 2264 1109 2310 Epiphanius
1136 2265 1285 2300 Haeresi
1312 2274 1384 2300 XX.
1421 2265 1613 2300 Cassianus
1639 2267 1700 2301 lib.

316 2331 358 2355 11.
373 2322 498 2357 Collat.
510 2333 585 2367 cap.
599 2331 667 2357 xv,
705 2322 804 2357 Beda
815 2322 963 2368 praefat.
978 2323 1023 2357 ad
1037 2323 1211 2357 Marcum.
1248 2323 1378 2358 Petrus
1391 2322 1551 2368 Equilin.
1566 2323 1627 2358 lib.
1644 2332 1700 2358 lx.

313 2390 389 2424 cap.
423 2389 505 2414 e1x.
541 2380 654 2415 Penes
685 2380 762 2420 hos,
793 2380 838 2415 ab
867 2380 970 2415 initio
1000 2384 1159 2425 receptae
1188 2380 1280 2422 fidei,
1311 2380 1427 2416 stabat
1458 2380 1701 2426 episcoporum

998 2446 1022 2471 F
