2044 2992
1013 331 1058 371 iii

344 453 466 481 nemo
486 438 547 479 illi
567 451 641 493 par
660 441 749 478 erat
763 434 980 488 diligentia
994 435 1039 475 in
1055 435 1203 475 studiis
1221 434 1425 489 (quotidie
1441 434 1553 475 enim
1568 434 1622 475 ad
1637 449 1722 475 xxv.

345 503 491 544 saltem
510 503 631 542 horas
650 501 694 540 in
719 499 784 539 his
811 500 1067 551 versabatur)
1099 499 1299 539 memoria
1327 513 1423 540 vero
1452 505 1581 547 tanta,
1605 504 1655 539 ut
1681 513 1723 539 se

345 567 501 608 nescire
534 566 691 605 diceret
721 563 826 617 quid
853 568 961 603 esset
992 562 1187 610 oblivisci,
1222 563 1371 603 doctus
1406 563 1588 617 denique
1619 563 1723 603 adeo

345 630 521 676 Graecis,
542 626 756 668 Hebraicis
783 632 826 666 et
852 626 1015 666 Latinis
1042 625 1204 673 litteris,
1233 632 1283 666 ut
1309 626 1417 666 nihil
1444 626 1488 666 in
1514 627 1580 666 his
1606 632 1723 674 esset,

343 693 458 747 quod
477 692 554 746 ipsi
575 697 681 732 esset
700 689 970 743 incognitum.
1019 689 1088 730 Ex
1107 689 1220 729 illius
1240 703 1413 744 operum
1435 689 1582 738 indice,
1598 704 1723 744 quem

343 758 430 811 ipse
450 755 677 803 contexuit,
696 760 746 794 ut
766 768 854 794 rem
873 759 1033 807 gratam
1058 753 1213 793 faceret
1239 753 1371 793 amico
1395 753 1561 793 cuidam
1579 753 1724 794 -Bono-

343 820 488 868 nicusi,
508 818 697 873 cognosci
717 817 872 872 poterit
891 817 964 871 qui
985 823 1255 871 quantusque
1280 817 1343 857 vir
1369 816 1508 865 fuerit,
1539 817 1725 871 quantis-

343 898 426 939 que
452 884 496 924 in
522 882 730 923 laboribus
755 896 797 922 se
825 881 1066 922 exercuerit.
1124 880 1271 921 Nihilo
1302 887 1443 921 tamen
1468 880 1609 921 minus
1639 895 1724 921 non

342 947 478 988 multa
511 947 613 987 adeo
641 945 842 987 conficere
872 945 1085 1000 potuisset,
1114 945 1148 985 si
1175 959 1282 999 quae
1311 944 1464 985 litteris
1490 945 1724 992 mandabat,

344 1011 515 1065 politius
540 1009 735 1051 limasset.
791 1010 853 1050 Ut
878 1008 1072 1057 moribus,
1100 1009 1157 1049 sic
1184 1009 1372 1049 oratione
1398 1009 1528 1049 durus
1556 1015 1655 1057 erat,
1682 1016 1725 1049 et

345 1089 440 1115 cum
473 1074 645 1114 minime
677 1072 930 1127 intelligeret
962 1086 1068 1126 quae
1099 1073 1272 1114 resecari
1307 1078 1519 1127 oporteret
1550 1079 1644 1113 tum
1679 1073 1723 1112 in

346 1139 489 1186 verbis,
518 1144 610 1178 tum
639 1138 683 1177 in
712 1139 845 1184 rebus,
877 1138 967 1190 ejus
997 1136 1209 1177 interdum
1239 1137 1393 1190 scripta
1417 1135 1645 1190 loquacem,
1675 1143 1723 1176 ut

344 1203 481 1256 ajebat
501 1201 713 1248 Horatius,
739 1199 942 1240 delassare
968 1199 1109 1240 valent
1136 1200 1323 1240 Fabium.
1382 1200 1724 1254 Reprehenditur

343 1272 387 1306 et
406 1266 450 1305 in
470 1278 519 1305 eo
538 1265 653 1318 quod
672 1269 902 1317 temperare
918 1263 1154 1303 nescivisset
1168 1264 1297 1303 animi
1312 1270 1462 1311 motus,
1479 1270 1522 1303 et
1536 1263 1724 1317 linguam

343 1330 538 1370 adversus
558 1342 638 1376 eos,
659 1327 812 1382 quibus
831 1340 874 1367 se
889 1326 1100 1367 infensum
1116 1341 1202 1367 esse
1218 1333 1293 1367 aut
1308 1332 1489 1375 noverat,
1505 1333 1579 1366 aut
1594 1328 1725 1381 suspi-

344 1394 526 1434 cabatur.
571 1390 802 1432 Simulandi
823 1391 996 1438 nescius,
1016 1391 1100 1431 sive
1120 1404 1258 1431 amore
1273 1391 1358 1431 sive
1374 1390 1470 1430 odio
1484 1391 1723 1445 quempiam

342 1461 672 1511 prosequeretur,
692 1461 920 1508 utrumque
939 1453 1076 1508 palam
1091 1454 1277 1495 faciebat.
1336 1455 1388 1494 In
1404 1455 1634 1495 exercendo
1649 1468 1724 1494 suo

343 1534 516 1561 munere
537 1520 651 1574 apud
670 1518 955 1559 Bononienses
975 1518 1316 1572 diligentissimus
1338 1518 1552 1573 judicatus
1580 1525 1652 1567 est,
1680 1525 1722 1558 et

343 1583 655 1631 nonnullorum,
674 1583 718 1623 in
738 1583 891 1637 quibus
912 1596 1073 1623 summa
1092 1583 1316 1623 auctoritas
1343 1588 1432 1623 erat
1459 1589 1501 1623 et
1527 1582 1724 1637 amplitu-

344 1649 409 1697 do,
436 1649 513 1689 sibi
534 1648 673 1688 studia
699 1646 945 1688 conciliavit.
1003 1646 1212 1687 Floruisse
1239 1647 1365 1687 etiam
1394 1646 1547 1687 dicitur
1576 1646 1724 1687 nobili-

344 1719 430 1754 tate
470 1711 782 1766 discipulorum,
824 1724 1065 1765 quanquam
1104 1711 1309 1751 scribendi
1355 1709 1561 1765 elegantia
1604 1710 1722 1751 nullo

343 1777 468 1817 modo
488 1790 583 1816 cum
603 1776 652 1815 iis
672 1781 779 1815 esset
798 1775 1109 1828 comparandus,
1136 1774 1209 1828 qui
1236 1780 1358 1814 antea
1384 1774 1428 1814 in
1456 1789 1504 1814 ea
1528 1775 1616 1828 ipsa
1635 1789 1724 1815 aca-

345 1840 482 1880 demia
510 1839 775 1879 humaniores
800 1837 961 1878 litteras
985 1838 1157 1892 professi
1183 1838 1360 1878 fuerant.
1418 1838 1559 1878 Vitam
1587 1839 1723 1879 finivit

347 1917 442 1943 non.
463 1902 712 1956 Septembris
733 1915 796 1941 an.
820 1901 938 1948 1625,
958 1901 1230 1955 sepultusque
1250 1902 1303 1941 ad
1318 1902 1356 1942 S.
1373 1901 1594 1942 Dominici.
1645 1902 1723 1942 Est

347 1968 390 2006 in
410 1966 600 2006 manibus
619 1965 838 2005 hominum
859 1965 1044 2004 funebris
1065 1965 1206 2013 oratio,
1226 1979 1351 2019 quam
1372 1965 1424 2005 de
1451 1964 1563 2005 illius
1589 1965 1723 2007 laudi-

345 2031 423 2070 bus
457 2029 607 2069 habuit
636 2029 811 2069 Ovidius
840 2027 1167 2076 Montalbanius‚
1201 2029 1264 2068 vir
1295 2029 1405 2069 inter
1439 2029 1722 2071 Bononienses

344 2093 535 2134 doctrina
554 2092 698 2133 clarus.
750 2091 898 2132 Plures
913 2093 1088 2133 extitere
1104 2092 1184 2140 alii,
1201 2092 1274 2146 qui
1291 2093 1343 2133 de
1359 2092 1472 2134 illius
1487 2094 1722 2134 eruditione

345 2164 389 2198 et
408 2157 605 2205 doctrina,
626 2162 669 2197 et
687 2157 728 2197 vi
749 2156 916 2210 ingenii,
938 2170 1099 2196 summa
1124 2162 1167 2197 et
1193 2157 1299 2196 mira
1325 2171 1492 2211 prorsus
1517 2158 1724 2212 praedica-

346 2227 457 2268 runt,
478 2234 582 2274 quos
602 2234 921 2261 commemorare
939 2221 1112 2260 minime
1132 2221 1407 2261 necessarium
1426 2222 1710 2263 arbitramur.”

402 2284 618 2324 Hactenus
647 2284 834 2338 Angelus
861 2283 932 2324 ille
959 2285 992 2323 F
994 2284 1201 2333 abronius,
1230 2285 1304 2339 qui
1333 2285 1548 2326 historiam
1576 2285 1723 2326 Italiae

345 2348 569 2388 literariam
596 2347 786 2402 pluribus
811 2347 938 2396 libris,
964 2347 1168 2402 elegantia
1195 2348 1310 2389 haud
1334 2348 1494 2403 vulgari
1521 2350 1724 2404 conscrip-

344 2412 408 2459 tis,
440 2426 524 2452 non
551 2412 610 2452 ita
640 2412 801 2467 pridem
832 2411 1067 2453 illustravit.
1128 2412 1260 2454 Paulo
1289 2418 1429 2454 tamen
1455 2413 1626 2455 liberius
1651 2413 1724 2455 ho-
