2032 2912
323 302 387 333 206
707 299 944 333 HISTORIA
968 299 1345 333 ECCLESIASTICA

326 397 468 430 sedente
498 396 536 429 in
567 395 665 428 Petri
696 394 863 429 cathedra
893 394 1087 435 Vitaliano,
1117 394 1174 429 Jo.
1207 395 1388 436 Leslaeus,
1417 396 1474 430 vel
1504 407 1597 430 anno
1630 405 1718 430 Dec.

326 453 502 487 Trithem.
522 456 557 486 et
575 451 707 486 Uvion.

654 566 690 601 S.
718 566 976 602 GEORGIUS
1002 566 1257 602 DURAEUS.
1310 570 1393 606 374.

325 687 344 700 “
364 681 400 716 S.
419 680 633 716 GEORGIUS
654 681 832 723 Duraeus,
854 682 961 716 abbas
985 682 1309 724 Dumfermilensis,
1337 683 1473 718 Christi
1499 684 1617 719 hostia
1642 686 1721 719 effe-

322 743 411 780 ctus,
429 740 560 774 laboris
578 740 634 774 sui
651 740 851 784 praemium
869 740 980 774 vitam
999 745 1179 775 aeternam
1198 742 1332 785 accepit
1353 741 1392 775 in
1416 742 1532 782 coelis,
1557 747 1593 776 et
1611 743 1721 777 hono-

322 807 398 831 rem
415 797 547 832 sanctis
564 797 725 832 debitum
742 798 781 831 in
798 798 935 838 terris‚”
953 798 1004 832 ait
1021 797 1191 831 Nicolaus
1210 797 1389 832 Sanderus
1409 799 1469 833 lib.
1486 808 1558 833 VII.
1577 801 1620 834 de
1638 801 1722 834 visi-

321 854 384 888 bili
414 855 636 889 Monarchia.
702 854 778 889 Nec
807 859 927 889 tamen
958 855 1001 889 de
1031 855 1088 888 die
1120 866 1191 899 quo
1221 866 1358 889 sacram
1386 856 1482 890 illius
1513 858 1720 891 memoriam

322 913 454 946 recolat
483 913 637 952 ecclesia,
668 917 818 946 constat.
883 912 959 946 Nec
989 912 1032 945 de
1060 912 1201 956 scriptis
1227 912 1351 956 liquet,
1378 924 1489 957 quare
1516 925 1597 947 eum
1628 915 1723 948 inter

322 970 401 1004 illos
419 974 570 1010 sanctos,
588 980 742 1014 quormn
759 970 895 1004 natales
913 970 1137 1015 ignorantur,
1155 970 1315 1014 reposuit
1337 969 1489 1004 Arnold.
1514 969 1636 1005 Uvion
1659 971 1720 1005 lib.

327 1037 388 1062 111.
406 1027 488 1073 Lig.
507 1026 614 1061 Vitae
632 1038 714 1073 pag.
734 1035 923 1061 ccccxw.

371 1084 505 1119 Passus
527 1089 582 1119 est
606 1096 701 1119 anno
719 1093 873 1119 MDLXI.
902 1093 1037 1118 XXVII.
1060 1083 1210 1118 Januar.
1240 1083 1393 1119 Biennio
1419 1089 1501 1129 post
1527 1086 1652 1121 beatus
1676 1087 1721 1120 ab

323 1142 517 1187 apostolica
535 1142 617 1176 sede
635 1142 866 1177 renunciatus
884 1142 941 1176 die
959 1140 1057 1188 Aug.
1078 1150 1132 1175 VI.

764 1257 799 1291 S.
827 1256 1144 1292 DROSTANUS.
1197 1260 1280 1296 375.

323 1379 344 1393 ‘⁶
362 1373 397 1408 S.
417 1374 695 1414 DROSTANUS‚”
714 1374 765 1408 ait
783 1373 832 1407 H.
852 1374 1027 1408 Boethius
1045 1373 1105 1407 lib.
1123 1382 1181 1408 lx.
1202 1373 1341 1409 Histor.
1361 1373 1455 1409 Scot.
1474 1385 1556 1421 pag.
1576 1384 1718 1410 CLXXI.

324 1436 345 1451 “
375 1432 470 1478 regis
503 1431 639 1465 Aidani
675 1432 885 1472 avunculus,
919 1430 1119 1477 profligatis
1154 1432 1280 1466 mundi
1314 1432 1487 1466 illecebris
1525 1435 1720 1468 monastico

323 1493 510 1524 contentus
534 1489 712 1529 instituto,
737 1490 852 1523 multa
875 1489 1064 1522 sanctitate
1085 1489 1270 1536 insignis.''
1319 1488 1376 1523 Jo.
1403 1489 1572 1524 Leslaeus
1598 1491 1720 1525 eadem

323 1547 401 1580 libr.
422 1556 476 1581 IV.
494 1558 575 1593 pag.
595 1554 692 1580 CLII.
711 1545 863 1581 Arnold.
883 1546 1004 1580 Uvion
1022 1546 1083 1581 lib.
1104 1555 1157 1580 IV.
1183 1558 1258 1591 cap.
1279 1555 1396 1580 XXVI.
1448 1546 1510 1582 An
1532 1548 1562 1581 is
1588 1549 1635 1583 sit
1658 1549 1719 1593 qui

322 1604 503 1651 Argadiae
521 1605 671 1639 verbum
688 1606 785 1639 vitae
803 1605 987 1638 nuntiasse
1005 1604 1143 1648 primus
1162 1604 1342 1638 ferebatur
1356 1609 1499 1638 auctore
1512 1605 1536 1638 J
1538 1617 1617 1640 oan.
1633 1606 1720 1640 For-

323 1663 430 1703 duno,
448 1662 537 1696 mihi
556 1667 610 1697 est
627 1663 903 1707 inexploratum.
957 1660 1050 1707 Ejus
1068 1662 1237 1710 laudatur
1254 1662 1383 1695 ibidem
1404 1673 1493 1706 opus

470 1719 525 1754 De
544 1719 763 1765 Contemptu
781 1719 913 1753 Mundi
1264 1719 1325 1753 lib.
1346 1728 1372 1752 1.

372 1777 477 1812 Vixit
489 1789 583 1812 anno
598 1786 649 1812 Dc
656 1787 708 1812 V1.
744 1777 896 1811 Sanctus
910 1777 1039 1811 colitur
1053 1786 1143 1811 XIX.
1163 1776 1390 1811 Novembris.
1436 1777 1623 1813 Breviaria
1640 1778 1721 1813 Sco-

324 1836 404 1876 tica,
424 1839 461 1869 et
478 1846 669 1870 consensus
687 1835 913 1870 ecclesiarum
932 1839 1146 1870 nostratum.

761 1949 797 1984 S.
824 1949 1146 1986 DUNSTANUS.
1199 1950 1281 1989 376.

324 2070 358 2103 S.
378 2070 631 2104 DUNSTANUS
648 2078 721 2102 non
742 2067 818 2102 sine
841 2067 998 2101 maxima
1019 2067 1219 2101 sanctitatis
1245 2067 1410 2111 opinione
1436 2066 1568 2107 floruit,
1595 2068 1720 2113 priscis

324 2129 393 2162 illis
406 2128 490 2173 jure
507 2126 807 2165 annumerandus,
825 2125 887 2169 qui
906 2124 1089 2159 Romanae
1107 2125 1270 2159 ecclesiae
1288 2125 1500 2171 dignitatem
1518 2136 1559 2159 eo
1582 2126 1620 2159 in
1641 2137 1719 2172 reg-

325 2197 371 2219 no
394 2190 536 2219 strenue
559 2187 846 2229 propugnarunt.
897 2181 920 2216 J
922 2194 1000 2217 oan.
1019 2182 1188 2217 Leslaeus
1205 2182 1266 2217 lib.
1287 2191 1342 2216 Iv.
1369 2182 1507 2217 Histor.
1527 2182 1619 2218 Scot.
1638 2195 1719 2230 pag.

327 2251 441 2276 CLIII.
467 2247 487 2262 ‘⁶
505 2241 623 2276 Erant
645 2241 715 2274 illis
737 2252 878 2286 quoque
902 2240 1025 2274 diebus
1048 2241 1086 2274 in
1108 2240 1227 2275 Scotia
1252 2245 1324 2275 tres
1346 2241 1509 2275 doctrina
1531 2246 1567 2276 et
1589 2242 1721 2286 pietate

326 2304 547 2344 praestantes
565 2299 645 2338 viri,
664 2300 808 2333 natione
826 2299 933 2332 etiam
953 2298 1059 2338 Scoti,
1081 2297 1268 2332 Hebredus
1282 2298 1426 2338 scilicet,
1444 2297 1667 2338 Dunstanus‚
1686 2304 1720 2332 et

327 2357 540 2397 Conuallus3
559 2368 711 2401 quorum
725 2357 896 2391 memoria
913 2357 1021 2391 etiam
1035 2356 1102 2390 hoc
1115 2360 1238 2390 nostro
1252 2367 1339 2390 aevo
1350 2356 1445 2400 apud
1456 2355 1578 2390 Scotos
1590 2367 1720 2401 magna

329 2415 530 2449 celebritate
548 2414 756 2449 colebatur.”
807 2414 868 2448 An
886 2414 1066 2459 scripserit
1085 2414 1230 2458 aliquid,
1251 2413 1339 2448 mihi
1358 2417 1411 2447 est
1429 2413 1701 2458 inexploratum.
