2032 2912
354 328 417 358 :328
738 327 972 360 HISTORIA
997 327 1373 362 ECCLESIASTICA

356 423 454 467 quid,
473 434 546 458 non
562 424 701 468 reperi3
729 426 823 458 certe
841 423 932 458 nihil
949 428 1060 458 extat.

408 481 549 516 Floruit
567 492 661 515 anno
681 489 838 515 MCXCV.

828 597 1140 633 GULIELMUS.
1197 597 1279 634 613.

355 715 607 750 GULIELMUS
626 715 764 756 Scotus,
783 715 912 750 tertius
936 716 1182 751 sanctissimae
1208 716 1401 752 Trinitatis
1428 717 1565 752 ordinis
1583 719 1759 764 generalis

354 774 529 815 minister,
562 774 747 809 monachis
776 775 850 808 suis
881 773 1051 808 Atrebati
1078 775 1119 808 in
1148 774 1184 809 S.
1214 774 1398 810 Vincentii
1431 776 1604 811 suburbio
1634 788 1759 811 coeno-

355 832 454 866 bium
473 832 641 873 obtinuit,
661 833 764 880 cujus
782 833 957 877 templum
976 833 1021 867 ab
1037 831 1195 879 Hugone
1207 832 1417 875 Viennensi,
1431 833 1627 869 Bisuntino
1645 836 1760 870 archi-

355 890 530 935 episcopo,
567 898 823 931 consecratum,
860 890 1108 936 praesentibus
1143 891 1384 936 Neapolitano
1412 897 1448 927 et
1479 892 1759 928 claromontano

354 949 606 983 cardinalibus.
668 949 825 984 Ferreol.
857 948 1008 983 Locrius
1037 948 1217 985 Chronico
1248 949 1369 997 Belgii
1399 962 1481 998 pag.
1511 959 1758 986 cchxxxn.

353 1006 543 1052 Scripsisse
561 1007 677 1042 fertur

502 1065 617 1110 Super
634 1066 782 1101 Ordinis
801 1066 857 1101 sui
874 1065 1064 1112 Dignitate
1302 1066 1364 1101 lib.
1385 1075 1410 1101 1.

401 1123 571 1158 Florebat
588 1135 683 1158 anno
703 1133 848 1159 MCCIX.
868 1129 932 1159 aut
950 1124 1043 1159 forte
1061 1126 1176 1160 serius
1195 1136 1289 1160 anno
1310 1133 1538 1160 MCCCXLVI.

770 1240 933 1276 SIMON
959 1241 1126 1276 GRAIM
1132 1241 1204 1276 US.
1258 1240 1341 1276 614.

352 1358 490 1392 SIMON
513 1358 694 1399 Graimus,
722 1359 872 1394 honesto
890 1361 966 1394 loco
989 1363 1096 1393 natus
1123 1358 1353 1405 Edimburgi,
1380 1358 1500 1394 taedio
1519 1358 1615 1393 vitae
1634 1359 1759 1393 soluti-

352 1417 434 1456 oris,
454 1417 511 1450 eui
529 1428 566 1450 se
585 1417 647 1451 diu
666 1417 943 1462 mancipaverat,
963 1417 1106 1451 vocanti
1130 1418 1274 1451 tandem
1299 1417 1452 1462 Spiritui
1471 1415 1603 1451 Sancto
1626 1418 1758 1461 paruit,

352 1480 388 1508 et
406 1475 614 1521 religiosum
634 1475 669 1509 S.
692 1475 874 1510 Francisci
893 1476 936 1510 de
961 1475 1075 1510 Paula
1101 1475 1267 1509 habitum
1293 1475 1424 1516 induit,
1451 1475 1616 1520 diemque
1643 1480 1759 1509 extre-

351 1544 451 1567 mum
470 1544 601 1580 magna
619 1534 763 1578 pietatis
788 1534 966 1579 opinione,
995 1534 1082 1568 dum
1100 1534 1239 1578 patriae
1259 1544 1344 1568 suae
1370 1534 1537 1578 prodesse
1564 1533 1654 1572 vult,
1680 1533 1757 1567 fini-

352 1592 416 1626 vit.
469 1591 620 1636 Scripsit
640 1592 797 1636 plurima
820 1593 1071 1626 amoenissimo
1095 1592 1252 1638 ingenio,
1279 1603 1343 1626 nec
1368 1591 1511 1637 vulgari
1530 1591 1757 1635 eloquentia:

353 1650 391 1683 in
409 1650 476 1689 his,

501 1708 590 1743 Vale
609 1708 793 1743 Foeminis
1052 1738 1065 1751 ,
1249 1707 1310 1742 lib.
1332 1718 1356 1741 1.

500 1766 556 1801 De
574 1766 794 1811 Contemptu
813 1766 944 1801 Mundi
1248 1766 1310 1801 lib.
1331 1776 1356 1800 1.

501 1824 698 1859 Anatomia
718 1825 924 1859 Humorum
1252 1825 1313 1859 lib.
1335 1834 1359 1858 1.

401 1884 502 1917 Obiit
520 1883 803 1928 Carpentoracti,
823 1883 859 1917 in
878 1883 1006 1919 itinere
1024 1883 1174 1923 Scotico‚
1193 1894 1286 1918 anno
1306 1892 1485 1917 MDcxiv.

714 1999 991 2036 ROBERTUS
1017 1999 1263 2035 GRAIMUS.
1318 1999 1401 2035 615.

352 2119 573 2153 ROBERTUS
592 2117 773 2158 Graimus,
796 2118 992 2153 monachus
1011 2117 1047 2152 S.
1063 2117 1261 2158 Benedicti,
1280 2117 1443 2152 habitum
1459 2118 1497 2151 in
1516 2117 1756 2151 Mailrosiensi

352 2178 519 2212 coenobio
537 2177 665 2218 induit,
694 2178 755 2211 sed
778 2177 970 2222 tyrannide
994 2176 1157 2210 Eduardi
1183 2175 1389 2222 Anglicani,
1415 2176 1571 2210 Scotiam
1591 2180 1669 2209 tum
1687 2175 1757 2208 ‹lis-

352 2236 442 2269 sidio
468 2247 594 2281 regum
621 2236 820 2280 expositam
846 2235 879 2269 ei
905 2235 1074 2279 praedam
1099 2234 1299 2274 lacerantis,
1326 2235 1471 2268 exulare
1493 2234 1629 2280 jussus,
1656 2238 1697 2267 ut
1715 2234 1757 2266 de

350 2294 529 2338 plerisque
548 2294 626 2327 aliis
645 2293 711 2327 hoc
729 2305 835 2338 opere
853 2293 1023 2333 diximus,
1047 2294 1085 2327 in
1109 2292 1364 2326 Bardeneiensi
1391 2292 1609 2327 monasterio
1628 2291 1755 2338 Angli-

351 2362 438 2385 cano
460 2351 523 2386 diu
541 2351 645 2392 vixit,
664 2358 710 2392 ct,
729 2356 769 2386 ut
786 2356 887 2397 puto,
906 2351 1007 2386 obiit.
1060 2351 1211 2396 Scripsit

500 2409 616 2454 Super
633 2408 772 2444 Scotiae
790 2409 896 2444 Statu
963 2409 1024 2444 lib.
1046 2418 1070 2443 1.
1091 2420 1208 2444 versu.
1230 2413 1251 2428 ‘⁶
1265 2407 1449 2443 Deflemus
1468 2408 1655 2454 patriam.”
1674 2407 1756 2441 Sco-

547 2467 732 2502 tichronic.
753 2467 814 2502 lib.
836 2476 904 2502 XV.
925 2478 1000 2512 cap.
1022 2476 1075 2502 LI.
