2032 2912
685 348 861 381 GENTIS
886 347 1165 387 SCOTORUM,
1191 348 1281 380 LIB.
1308 347 1367 380 IV.
1668 349 1731 381 239

653 500 952 535 GULIELMUS
977 499 1266 535 DUNCANUS.
1320 503 1403 536 433.

332 616 582 650 GULIELMUS
600 616 808 655 Duncanus,
827 615 928 649 bonis
952 615 1089 649 artibus
1107 626 1216 659 supra
1234 616 1300 650 hoc
1318 618 1488 657 seculum,
1514 622 1549 652 et
1573 618 1728 652 maxime

333 673 476 708 Graecis
494 674 607 707 literis
625 674 670 707 ad
688 673 900 707 miraculum
918 672 1089 713 imbutus,
1108 673 1230 707 multis
1249 674 1352 708 annis
1370 674 1593 716 humaniora,
1612 680 1653 710 ut
1667 686 1728 710 vo-

328 736 423 771 cant,
444 731 564 765 studia
580 732 776 776 amplexus,
795 730 1009 764 rhetoricam
1033 731 1128 775 apud
1152 729 1281 764 Voleas
1306 742 1387 765 rara
1413 734 1727 772 commendatione,

330 798 541 832 summoque
567 789 741 823 nobilium
771 788 976 822 auditorum
1006 799 1179 822 concursu
1213 788 1359 829 docuit3
1392 801 1486 824 nunc
1513 791 1619 824 audio
1649 791 1728 835 phi-

331 846 528 890 losophiam
554 858 694 881 summa
717 857 798 881 cum
821 845 936 892 gloria
960 846 1115 880 nominis
1138 845 1308 890 profiteri.
1362 846 1431 881 Est
1457 848 1494 881 in
1520 859 1561 881 eo
1586 848 1729 882 homine

331 903 423 937 mira
440 904 599 945 comitas,
620 909 655 938 et
678 903 799 938 festivi
823 914 939 937 mores
964 903 1104 938 erudita
1127 903 1307 950 gravitate
1334 905 1478 945 conditi,
1505 910 1547 939 ut
1572 905 1666 950 ipsas
1693 911 1727 939 te

331 960 456 995 Musas
480 961 612 996 intueri
638 972 789 1001 censeas,
816 961 847 994 si
872 961 910 994 in
937 962 1152 1006 colloquium
1178 972 1259 995 cum
1285 972 1326 996 eo
1352 962 1583 997 descenderis.
1636 963 1728 1009 Ejus

330 1024 437 1053 sunt:

480 1077 632 1112 Carmen
657 1077 900 1122 antiquarium
919 1077 980 1111 lib.
1001 1086 1026 1111 1.
1051 1088 1122 1122 quo
1146 1077 1237 1111 nihil
1263 1078 1473 1112 laboriosius
1495 1083 1575 1123 post
1603 1078 1727 1113 Musas

527 1140 649 1176 natas3
670 1136 789 1169 omnia
803 1136 896 1169 enim
910 1135 1081 1169 vocabula
1093 1135 1282 1180 antiquata
1294 1140 1389 1176 sunt,
1402 1147 1473 1169 non
1484 1140 1625 1170 tantum
1637 1137 1727 1170 anti-

528 1205 600 1238 qua
623 1205 667 1227 ex
691 1192 842 1233 Naevio,
866 1192 1030 1233 Afranio,
1055 1193 1217 1238 aliisque.
1244 1192 1459 1235 Exordium,
1486 1198 1507 1213 “
1525 1193 1728 1228 Axamenta

528 1251 647 1285 cano.’'

478 1308 721 1343 Praefationes
739 1308 881 1342 habitae
898 1308 1048 1352 publice,
1068 1309 1155 1343 dum
1171 1309 1311 1354 lyceum
1330 1309 1539 1354 aperiretur,
1557 1309 1618 1343 lib.
1638 1318 1663 1342 1.

479 1366 596 1401 Notae
614 1367 653 1400 in
671 1366 859 1400 Platonem
1211 1366 1273 1400 lib.
1294 1375 1319 1400 1.

480 1423 597 1458 Notae
615 1424 654 1458 in
671 1423 842 1458 Cointum
862 1423 1054 1458 Calabrum
1207 1424 1272 1458 lib.
1291 1433 1317 1458 Ι.

479 1481 758 1516 Observationes
777 1481 814 1514 in
832 1480 1005 1515 Photium
1209 1481 1271 1516 lib.
1293 1491 1317 1515 Ι.

377 1539 482 1575 Vivit
499 1540 616 1575 adhuc
634 1540 673 1573 in
691 1538 889 1579 Occitania,
915 1538 978 1573 ubi
1003 1547 1075 1573 XX.
1100 1543 1135 1574 et
1161 1540 1316 1584 amplius
1341 1550 1518 1575 annorum
1542 1540 1729 1585 professor,

329 1598 454 1633 rudem
473 1609 546 1633 non
564 1598 690 1643 poscit,
708 1597 770 1632 sed
787 1596 965 1631 indefesso
982 1596 1101 1631 labore
1120 1597 1187 1631 sibi
1206 1609 1246 1632 ac
1263 1598 1401 1642 patriae
1420 1599 1570 1644 gloriam
1589 1599 1694 1643 parit.

696 1769 907 1805 MARCUS
932 1769 1222 1806 DUNCANUS.
1276 1772 1359 1806 434.

330 1887 503 1922 MARCUS
521 1886 731 1927 Duncanus,
750 1886 944 1931 superioris
962 1885 1083 1926 frater,
1102 1886 1237 1932 ingenii
1256 1888 1362 1921 etiam
1382 1887 1551 1922 felicitate
1570 1888 1601 1921 ei
1620 1888 1729 1921 simil-

335 1946 454 1986 limus,
475 1950 516 1979 ut
534 1945 637 1990 pauci
663 1945 734 1978 sint
752 1945 819 1978 hoc
837 1949 959 1978 nostro
977 1955 1075 1983 aeVO,
1094 1955 1183 1988 quos
1203 1949 1224 1964 “
1243 1956 1309 1989 par
1326 1946 1443 1979 nobile
1460 1945 1633 1979 fratrum”
1657 1957 1729 1980 non

332 2009 470 2048 aequet.
525 2003 596 2036 Hic
619 2003 663 2036 ad
682 2013 805 2036 severa
822 2002 942 2036 studia
960 2001 1118 2035 animum
1144 2004 1335 2047 appellens,
1360 2004 1453 2047 apud
1473 2002 1635 2037 Turones
1659 2003 1729 2037 for-

331 2067 501 2096 tunarum
520 2072 667 2095 suarum
686 2060 904 2094 domicilium
924 2059 1014 2099 fixit,
1026 2082 1028 2085 -
1041 2066 1076 2093 et
1094 2060 1356 2104 philosophiam
1376 2060 1603 2094 celeberrima
1620 2060 1726 2101 fama,

331 2131 533 2165 magnoque
551 2119 756 2152 auditorum
776 2117 1016 2162 frequentium
1036 2116 1156 2151 fructu
1174 2117 1365 2162 professus,
1385 2118 1497 2152 edidit

480 2176 535 2210 De
555 2176 691 2222 Logica
1215 2176 1275 2209 lib.
1296 2185 1333 2209 V.

480 2233 523 2267 Iu
543 2233 713 2267 Ethicam
733 2233 913 2278 Synopsin
1210 2233 1271 2267 lib.
1293 2242 1318 2266 1.

483 2292 656 2326 poemata
674 2291 774 2325 varia
1213 2291 1273 2325 lib.
1295 2299 1319 2323 1.

480 2349 672 2384 Orationes
1212 2349 1273 2382 lib.
1295 2358 1319 2382 1.

382 2407 483 2442 Vivit
499 2407 615 2441 adhuc
628 2405 827 2441 Salmuriae
842 2405 1087 2450 philosophiae
1101 2405 1292 2450 professor,
1307 2412 1341 2440 et
1356 2407 1455 2452 genti
1474 2418 1559 2441 suae
1577 2408 1729 2448 laudem,

1010 2466 1032 2497 2
1052 2473 1065 2497 1
