2032 2912
707 344 881 377 GENTIS
906 343 1181 383 SCOTORUM,
1206 343 1294 375 LIB.
1320 343 1378 375 IV.
1655 343 1734 396 '217

814 495 1128 530 DEMETRIUS.
1180 496 1262 532 397.

352 610 610 650 DEMETRIUS,
631 611 884 655 grammaticus
902 610 1062 649 illustris,
1086 622 1130 644 ex
1151 610 1339 644 Britannia
1366 610 1516 644 Romam
1542 608 1729 654 profectuS,

351 667 533 702 florentem
560 668 642 701 inde
670 667 707 700 in
738 666 922 701 Graeciam
948 667 1098 712 trajecit,
1125 671 1159 700 et
1184 666 1341 710 Delphos
1366 667 1554 711 profectus,
1580 666 1730 710 indeque

350 725 494 759 domum
520 725 636 758 rediit.
690 724 734 758 In
760 725 1019 758 mathematicis
1045 725 1287 758 doctissimum
1315 724 1424 757 fuisse
1450 729 1620 758 memorat
1646 725 1728 758 Plu-

351 782 494 816 tarchus
512 782 630 816 libello
648 783 690 815 de
708 782 940 816 Oraculorum
965 782 1126 822 Defectu,
1150 782 1211 815 ubi
1234 793 1314 815 eum
1341 781 1457 814 virum
1484 788 1644 815 sanctum
1671 793 1730 826 ap-

350 840 467 883 pellat,
482 836 573 886 ἄνδρα
585 837 635 873 τᾶν
649 839 749 883 ἅγιον.
785 840 933 883 Scripsit
947 840 1069 878 multa,
1084 850 1167 873 nam
1180 839 1256 885 ejus
1271 839 1481 872 auctoritate
1499 850 1600 883 saepe
1615 839 1730 873 utitur

351 896 567 931 Plutarchus
587 898 678 931 idem
693 908 703 938 3
736 898 823 930 illud
841 902 960 931 tamen
977 897 1200 941 potissimum
1220 897 1375 941 putarim
1393 896 1670 936 memorandum,

496 954 551 988 De
571 955 733 988 Lucerna
750 955 922 998 Delphica
939 960 1061 988 contra
1079 954 1342 988 Cleombrotum
1431 954 1492 987 lib.
1513 962 1537 986 1.

399 1011 539 1046 Floruit
556 1023 648 1046 anno
662 1013 786 1046 salutis
801 1021 866 1045 cx.
885 1017 947 1045 aut
964 1012 1074 1055 prius,
1089 1011 1253 1057 Galgaco,
1272 1011 1373 1057 cujus
1393 1011 1539 1044 Tacitus
1558 1010 1729 1050 meminit,

349 1074 412 1103 aut
429 1069 553 1111 Galdo,
574 1070 688 1104 Scotis
706 1071 913 1114 imperante.
968 1069 1038 1103 Hic
1059 1070 1097 1103 in
1121 1080 1198 1103 meo
1220 1069 1357 1112 peculio
1375 1068 1578 1107 censendus,
1598 1071 1731 1101 certent
1782 1061 1784 1063 ¹

348 1126 472 1172 Angli.

750 1241 1007 1276 GEORGIUS
1032 1241 1204 1275 DULIE.
1258 1244 1340 1279 398.

349 1357 560 1391 GEORGIUS
576 1356 718 1396 Dulius,
737 1357 896 1390 sacerdos
915 1355 1129 1395 Catholicus,
1146 1355 1271 1389 fictitio
1287 1355 1429 1389 nomine
1446 1355 1496 1388 sic
1513 1354 1638 1394 dictus,
1655 1356 1732 1398 plu-

349 1414 439 1447 rima
457 1413 567 1447 bonae
585 1414 700 1459 frugis
718 1414 756 1447 in
774 1414 900 1459 Belgio
917 1413 1137 1457 Antverpiae
1155 1413 1287 1452 edidit;
1319 1413 1379 1446 sed
1397 1424 1462 1458 ego
1480 1412 1553 1446 vidi
1570 1416 1709 1445 tantum

497 1471 759 1504 Catechismum
1226 1470 1287 1503 lib.
1306 1478 1391 1502 XIV.

495 1528 740 1562 Assertionem
759 1528 961 1562 Catholicae
979 1527 1150 1563 Veritatis
1227 1527 1288 1562 lib.
1308 1536 1362 1561 lv,

396 1586 498 1620 Obiit
515 1597 587 1619 non
604 1586 656 1619 ita
673 1586 823 1630 pridem.

647 1700 861 1734 THOMAS
886 1699 1295 1734 DUNDRANENSIS.
1349 1703 1430 1737 399.

349 1816 537 1855 THOMAS,
555 1815 662 1849 abbas
680 1815 961 1855 Dundranensis,
979 1826 1041 1848 seu
1058 1814 1279 1854 Duudraina‚
1297 1820 1339 1848 ut
1356 1816 1474 1860 inquit
1491 1815 1726 1849 Demochares

349 1885 428 1919 pag.
449 1883 485 1907 L.
510 1884 590 1907 cum
615 1874 768 1906 multum
786 1873 1034 1906 dissentiretur
1052 1872 1089 1905 in
1107 1872 1253 1906 concilio
1272 1872 1534 1907 Constantiensi
1554 1873 1597 1906 de
1614 1873 1729 1919 legiti-

349 1943 407 1965 mo
435 1930 599 1974 pontifice
630 1931 802 1975 eligendo,
833 1941 925 1963 unus
956 1930 1026 1964 fuit
1051 1941 1095 1963 ex
1120 1941 1181 1963 sex
1207 1930 1269 1963 SS.
1297 1931 1493 1976 theologiae
1518 1931 1729 1970 doctoribus,

349 1989 410 2033 qui
440 1988 618 2021 illustriss.
648 1988 885 2021 cardinalibus
906 1988 1095 2032 conjuncti,
1123 1988 1333 2031 apostolicae
1359 1988 1433 2021 sedi
1459 1992 1575 2031 caput,
1600 1987 1730 2022 Roma-

349 2057 435 2080 num
454 2045 650 2078 maximum
668 2046 842 2089 optimum
860 2045 1059 2089 pontificem
1078 2045 1258 2090 eligerent.
1307 2045 1516 2089 Onuphrius
1538 2045 1727 2085 Panvinus,

348 2104 409 2147 qui
428 2103 577 2147 pessime
595 2103 695 2136 illum
713 2100 758 2136 de
774 2100 981 2136 Dondruno
998 2107 1111 2136 vocat.
1154 2102 1208 2136 De
1226 2114 1267 2136 eo
1285 2103 1334 2136 sic
1352 2102 1375 2135 J
1378 2113 1506 2136 oannes
1525 2101 1728 2136 Gualterius

349 2160 524 2194 Chronico
548 2160 802 2193 Chronicorum
826 2160 956 2205 pagina
976 2169 1041 2193 DV.
1067 2164 1102 2193 et
1124 2171 1267 2193 rursum
1290 2161 1390 2193 illum
1414 2159 1575 2194 abbatem
1599 2159 1730 2193 Cister-

349 2218 510 2257 ciensem,
529 2218 595 2251 sub
613 2217 772 2251 Candida
790 2217 890 2256 Casa,
910 2218 1046 2258 asserit,
1063 2229 1144 2263 pag.
1165 2226 1268 2251 D11X.
1321 2217 1470 2261 Scripsit

453 2305 455 2307 .
496 2274 550 2308 De
568 2275 763 2308 Schismate
781 2275 985 2319 deponendo
1283 2275 1343 2309 lib.
1363 2284 1388 2308 1.

498 2332 552 2366 De
571 2332 742 2366 Pontifice
760 2333 921 2378 eligendo
1280 2333 1341 2366 lib.
1361 2341 1386 2365 1.

498 2389 591 2424 Acta
610 2390 757 2424 Concilii
776 2389 1058 2424 Constantiensis
1279 2390 1338 2424 lib.
1360 2399 1384 2424 1.

398 2447 551 2482 Vivebat
569 2459 661 2482 anno
681 2456 920 2481 MCDXXXIX.
