2032 2912
355 295 396 326 80
729 289 959 323 HISTORIA
982 286 1355 320 ECCLESIASTICA

357 393 466 432 parte,
502 397 591 431 quae
621 384 799 419 Silvestris
825 387 861 417 et
887 381 1082 416 Hibernica
1106 381 1239 416 dicitur
1268 379 1488 415 nostratibus
1521 385 1557 416 et
1587 382 1744 427 peregri-

356 446 422 485 nis,
449 450 488 479 ut
514 444 641 477 diserte
664 441 830 474 Molanus
857 438 1047 473 Natalibus
1066 438 1128 473 SS.
1155 438 1395 485 Belgicorum,
1422 442 1459 472 et
1486 438 1639 472 alterum
1665 449 1743 472 eru-

356 501 499 535 ditionis
524 497 774 532 ecclesiasticae
799 498 921 531 lumen
945 495 1131 531 Aubertus
1157 495 1329 535 Miraeus,
1356 506 1401 530 ex
1426 494 1612 541 Sigeberto
1638 494 1744 529 Gem-

357 555 506 591 blacensi
541 559 575 588 et
604 554 694 594 aliis,
728 558 771 588 ut
800 565 992 588 consensus
1022 553 1251 588 nostratium.
1314 552 1387 587 Ubi
1417 563 1502 587 vero
1533 552 1591 587 hic
1625 552 1743 599 Belgii

353 612 541 657 apostolus,
568 616 603 645 et
629 610 766 646 Scotiae
792 615 1052 651 ornamentum,
1079 614 1141 645 aut
1168 610 1378 656 migraverit
1404 621 1447 644 ex
1473 609 1540 644 hac
1566 610 1653 650 vita,
1680 615 1743 644 aut

351 680 466 703 sacrae
492 672 719 703 asserventur
743 669 924 714 reliquiae,
950 679 1015 713 pro
1040 668 1259 712 incomperto
1285 667 1380 712 apud
1403 677 1484 708 me3
1512 678 1576 701 nec
1595 677 1742 711 operum

352 727 474 761 titulos
492 725 626 759 inveni.

399 782 500 816 Exiit
517 794 536 816 e
553 782 672 817 Scotia
688 794 782 818 anno
800 791 910 817 DeLI.
938 781 1078 817 Colitur
1095 790 1167 816 vn.
1187 781 1373 817 Decembr.
1401 781 1621 826 Episcopum
1640 787 1741 817 vocat

350 840 433 874 Vita
451 839 486 873 S.
506 839 683 874 Mombuli
701 839 808 881 Scoti,
827 840 890 885 qui
908 840 984 886 ejus
1003 840 1147 886 collega.

765 955 801 989 S.
827 953 1188 989 BURCHARDUS.
1243 956 1325 988 141.

347 1074 381 1107 S.
414 1073 705 1113 BURCHARDUS,
740 1072 807 1107 etsi
841 1072 887 1107 ab
921 1072 1086 1107 omnibus
1116 1070 1260 1117 Anglus
1291 1070 1477 1111 habeatur,
1511 1075 1631 1105 tamen
1661 1070 1743 1105 Sco-

348 1136 423 1164 tum
449 1130 534 1164 facit
564 1129 804 1175 Wolfgangus
833 1128 968 1164 Lazius
999 1129 1149 1174 epistola
1178 1127 1395 1173 praefatoria
1426 1128 1471 1162 ad
1501 1139 1591 1173 opus
1609 1129 1652 1163 de
1670 1128 1742 1162 Mi-

346 1193 437 1233 grat.
457 1187 561 1221 Gent.
614 1192 635 1207 “
653 1186 698 1221 In
719 1186 932 1221 Germaniae
957 1186 1138 1221 inferioris
1163 1186 1305 1230 populis
1331 1186 1592 1226 convertendis,
1618 1186 1740 1220 beatos

347 1244 530 1279 Kilianum
557 1255 597 1279 ac
617 1244 869 1278 Burchardum
888 1243 1010 1279 Scotos
1028 1243 1249 1289 praestitisse
1266 1243 1438 1278 constat.”
1491 1243 1584 1278 Vide
1609 1244 1737 1278 locum.

346 1302 383 1336 S.
411 1301 587 1336 Bonifacii
613 1301 920 1346 comprovincialis
946 1301 1078 1336 dicitur
1104 1300 1316 1336 Hermanno
1346 1300 1553 1342 Contracto,
1589 1300 1739 1335 Chroni-

346 1371 385 1394 co
411 1360 455 1392 ad
481 1370 613 1393 annum
640 1367 835 1393 DCCXLVI.
889 1358 961 1392 Hic
985 1370 1007 1392 a
1032 1358 1164 1393 Sancto
1189 1357 1347 1399 Kiliano,
1374 1369 1456 1392 cum
1481 1369 1552 1403 quo
1570 1371 1589 1393 e
1607 1358 1737 1397 Scotia,

346 1423 386 1450 ut
416 1422 571 1461 apparet,
601 1417 640 1450 in
670 1416 908 1451 Franconiam
938 1421 1096 1457 venerat,
1122 1416 1281 1451 civitatis
1308 1415 1579 1460 Herbipolensis
1605 1416 1738 1460 episco-

344 1486 410 1519 pus
436 1475 661 1508 renunciatus
688 1474 875 1514 secundus,
901 1485 979 1508 eam
1005 1473 1221 1514 cathedram,
1248 1474 1305 1507 vel
1330 1473 1480 1518 primus,
1511 1478 1553 1508 ut
1580 1474 1658 1508 aliis
1686 1473 1739 1506 vi-

344 1543 434 1572 sum,
454 1531 578 1566 tenuit.
616 1531 708 1566 Vide
722 1532 782 1566 lib.
798 1541 838 1565 x.
852 1531 919 1566 hoc
936 1542 1041 1576 opere
1053 1532 1092 1566 in
1105 1528 1272 1565 Kiliano.
1307 1530 1419 1566 Errat
1432 1531 1456 1565 J
1458 1543 1536 1566 oan.
1552 1531 1733 1570 Molanus,

343 1590 404 1633 qui
422 1601 443 1623 a
460 1589 495 1622 S.
515 1588 700 1623 Bonifacio
717 1589 922 1623 ordinatum
940 1589 1029 1624 vult.
1081 1588 1205 1623 Vitam
1224 1589 1302 1634 ejus
1320 1589 1462 1634 scripsit
1484 1588 1734 1635 Egilnuardus

343 1646 534 1681 monachus
552 1646 587 1680 S.
606 1646 768 1681 Kiliani:
795 1646 899 1681 affert
916 1645 1043 1681 Surius
1069 1650 1156 1681 tom.
1176 1655 1213 1680 V.
1236 1646 1436 1681 Videantur
1454 1646 1575 1680 Trith.
1595 1647 1638 1680 de
1659 1645 1737 1680 Vir.

343 1705 450 1738 illust.
470 1704 556 1738 Ord.
576 1704 611 1738 S.
632 1704 766 1739 Bened.
785 1704 846 1738 lib.
867 1713 929 1738 111.
947 1715 1022 1749 cap.
1041 1711 1244 1738 CLXXXVI.
1267 1704 1328 1738 lib.
1353 1712 1407 1738 1v.
1432 1715 1507 1748 cap.
1531 1712 1735 1737 enxxxiv.

344 1766 378 1795 et
404 1762 440 1795 in
467 1761 642 1796 Chronico
668 1761 841 1807 Hirsaug.
868 1760 965 1796 Petr.
993 1761 1171 1806 Cratepol.
1198 1761 1242 1795 de
1267 1760 1388 1806 Episc.
1421 1760 1589 1795 German.
1618 1760 1738 1795 Belfo-

343 1824 456 1853 restus
483 1821 519 1853 in
545 1819 800 1865 Cosmograph.
827 1817 915 1853 Ant.
942 1818 1183 1853 Demochares
1213 1823 1300 1853 tom.
1328 1827 1372 1853 11.
1399 1818 1443 1852 de
1474 1817 1599 1853 Sacrif.
1631 1818 1735 1853 Miss.

344 1888 415 1920 cap.
445 1886 541 1910 xxv.
573 1882 608 1911 et
638 1887 760 1911 omnes
792 1875 1138 1922 Martyrologiorum
1169 1876 1418 1921 compilatores
1448 1876 1493 1910 ad
1523 1876 1617 1910 diem
1649 1884 1735 1909 XIV.

343 1933 515 1967 Octobris.
559 1933 709 1978 Scripsit
726 1933 892 1978 plurima,
910 1944 1001 1978 quae
1020 1933 1127 1968 simul
1144 1945 1226 1968 cum
1245 1934 1404 1978 apicibus
1418 1934 1625 1978 perierunt;
1651 1944 1736 1967 nam

343 2002 421 2024 cum
455 1991 574 2025 relicto
609 1991 814 2035 episcopatu
847 1990 886 2024 in
915 1991 1171 2025 monasterium
1202 1990 1436 2037 Hohemberg
1465 2002 1502 2025 se
1532 1991 1733 2035 recepisset,

343 2048 435 2091 quod
457 2049 531 2092 ipse
557 2051 814 2087 construxerat,
841 2047 950 2081 libros
976 2058 1057 2082 suos
1084 2053 1119 2082 et
1145 2059 1252 2092 opera
1277 2048 1397 2083 omnia
1422 2059 1541 2082 secum
1568 2059 1609 2082 eo
1635 2048 1734 2082 detu-

344 2106 395 2145 lit,
414 2110 448 2138 et
466 2105 567 2139 fratri
585 2117 649 2139 suo
667 2104 817 2151 Siguino
843 2104 1115 2140 commendavit.
1168 2105 1283 2140 Extat
1309 2110 1466 2146 tantum,
1493 2116 1573 2140 cum
1601 2106 1733 2150 episco-

346 2166 467 2205 patum
484 2162 689 2208 resignaret,

490 2219 614 2253 Oratio
631 2220 673 2253 de
691 2219 939 2254 substituendo
956 2220 1176 2261 Successore,
1194 2221 1333 2266 prolixa
1351 2226 1387 2256 et
1405 2222 1558 2267 elegans.

395 2274 590 2319 Episcopus
623 2282 759 2311 creatus
794 2287 887 2311 auno
922 2286 1056 2313 DCCLI.
1121 2278 1213 2313 Vide
1245 2279 1357 2314 vitam
1389 2278 1510 2314 Sancti
1542 2277 1731 2312 Bonifacii.

345 2331 445 2366 Obiit
462 2332 517 2366 die
536 2341 578 2367 11.
596 2334 779 2370 Februarii
797 2344 891 2369 anno
910 2344 1072 2371 Dccxm.
