2032 2912
325 314 388 344 230
711 309 944 342 HISTORIA
969 308 1344 341 ECCLESIASTICA

327 407 535 454 tesignani.’'
567 406 659 439 Sixt.
675 404 802 439 Senen.
821 405 882 439 lib.
899 413 952 438 IV.
969 404 1141 438 Biblioth.
1157 403 1306 437 Sanctae
1320 414 1328 437 z
1348 407 1369 422 ‘⁶
1383 402 1407 436 J
1409 414 1540 437 oannes
1554 402 1727 442 Dunsius,

326 466 469 499 natione
487 465 623 503 scotus,
642 475 686 497 ex
705 463 888 497 Minorum
908 462 1055 502 familia,
1077 461 1275 495 Alexandri
1293 461 1437 495 Alensis
1462 461 1632 495 Britanni
1655 462 1727 495 Lu-

326 524 432 557 tetiae
446 522 599 561 auditor,
615 522 844 555 admirandae
859 520 1070 555 eruditionis
1089 520 1288 554 subtilitate
1306 520 1502 564 praeditus,
1521 519 1566 553 ob
1580 520 1728 563 profun-

325 580 507 614 dissimam
526 579 665 613 dicendi
679 579 932 613 obscuritatem
951 575 1121 617 Σκοτεινός,
1136 579 1174 611 id
1186 582 1240 611 cst
1254 577 1507 618 tenebricosus,
1519 578 1614 622 quod
1628 578 1727 611 Ana-

324 648 478 683 xagorae
496 637 739 671 obscurissimi
757 648 952 683 cognomen
970 636 1051 677 fuit,
1070 636 1375 683 cognominatus.”
1402 635 1524 670 Jacob.
1545 636 1727 670 Breullius

325 695 384 728 lib.
402 704 444 728 11.
463 694 685 740 Antiquitat.
702 695 894 729 Parisiens.
907 706 988 741 pag.
1004 703 1151 729 DXXIV.
1173 699 1194 713 “
1205 694 1265 728 Ex
1279 694 1346 728 hoc
1360 695 1576 728 monasterio
1594 694 1726 740 [Fran-

323 754 544 787 eiscanorum
568 751 737 798 Parisiis]
761 753 909 797 plurimi
932 753 1121 787 sanctitate
1145 757 1181 786 et
1203 753 1366 786 doctrina
1390 753 1562 796 pollentes
1587 753 1726 797 prodie-

322 816 419 845 runt.
457 811 502 845 In
520 811 576 845 his
594 810 764 845 Nicolaus
783 810 963 856 Lyranus,
982 810 1184 844 Bibliorum
1202 810 1492 856 glossographus,
1512 815 1547 845 et
1565 812 1723 855 quidam,

322 874 557 915 cognomento
575 880 597 902 a
619 869 738 913 patria
755 879 820 902 sua
838 872 993 912 sumpto,
1021 867 1147 902 Scotus
1174 872 1332 907 vocatus,
1356 873 1391 902 et
1409 867 1545 902 Doctor
1563 868 1724 907 subtilis,

323 928 425 973 cujus
451 927 623 961 memoria
648 936 834 970 nunquam
857 930 910 960 est
936 926 1108 970 peritura,
1134 925 1346 970 praesertim
1372 925 1467 959 inter
1495 925 1725 959 scholasticae

322 985 518 1030 sapientiae
535 984 765 1029 professores,
784 983 829 1017 ob
847 984 1086 1017 eruditionem
1104 995 1212 1028 quam
1231 983 1374 1027 scriptis
1392 984 1467 1017 suis
1485 983 1629 1023 insevit,
1645 983 1726 1018 hae-

321 1044 512 1077 reticorum
538 1042 716 1087 impietati
744 1041 989 1075 retundendae
1019 1040 1291 1085 opportunam.'’
1354 1040 1493 1074 Eadem
1517 1041 1725 1086 chronologi

320 1112 452 1135 omnes.

371 1159 491 1193 Multa
516 1160 560 1193 de
586 1170 627 1194 eo
652 1158 812 1193 fabulose
842 1158 1047 1198 traduntur,
1075 1162 1116 1191 ut
1142 1158 1236 1202 quod
1262 1158 1456 1203 imaginem
1483 1158 1660 1203 Deiparae
1687 1159 1724 1191 in

320 1222 442 1251 sancto
465 1218 593 1251 sacello
615 1217 793 1257 Lutetiae,
821 1217 1071 1261 disputaturus
1096 1217 1139 1249 de
1163 1216 1391 1260 conceptione
1416 1216 1587 1262 ejusdem,
1613 1217 1724 1260 preci-

320 1277 385 1310 bus
405 1276 672 1316 incurvaverit;
701 1275 797 1320 quod
816 1274 933 1308 Roma
959 1274 1118 1308 Parisios
1143 1274 1251 1308 biduo
1277 1274 1426 1313 venerit,
1455 1285 1598 1308 causam
1624 1275 1721 1308 illam

320 1337 632 1379 propugnaturus;
648 1333 811 1378 denique,
824 1333 1011 1366 “nondum
1026 1337 1210 1367 mortuum
1224 1332 1346 1372 fuisse,
1355 1332 1481 1366 eumin
1495 1332 1723 1377 sepulchrum

320 1393 441 1426 illatus
463 1396 527 1430 est,
552 1391 613 1425 sed
637 1391 814 1425 duntaxat
837 1391 1001 1436 lethargo
1019 1395 1222 1435 correptum
1246 1390 1379 1430 ferunt,
1407 1391 1503 1435 quod
1521 1396 1644 1435 aperto
1671 1402 1723 1424 se-

320 1449 468 1494 pulchro
491 1454 615 1494 postea
638 1450 847 1489 innotuerit,
872 1450 957 1484 dum
983 1449 1021 1482 in
1046 1449 1217 1494 gradibus
1244 1449 1416 1483 mausolei
1442 1449 1621 1483 devoratis
1649 1460 1721 1483 ma-

319 1508 424 1542 nibus
459 1512 623 1552 repertus
659 1508 743 1547 est‚'’
785 1508 836 1541 ait
875 1507 1058 1541 Gilbertus
1099 1506 1351 1541 Genebrardus
1387 1506 1603 1553 Chronolog.
1639 1519 1721 1554 pag.

318 1574 505 1601 DCLXVII.
558 1565 766 1611 Eademque
795 1566 903 1610 paulo
933 1570 1016 1599 ante
1045 1564 1173 1599 Jovius
1205 1566 1243 1599 in
1269 1565 1410 1611 Elogiis
1437 1565 1609 1600 Virorum
1641 1567 1721 1600 doc-

317 1625 413 1658 trina
447 1624 654 1658 illustrium.
720 1623 826 1664 Quod
861 1628 1101 1658 commentum
1136 1624 1297 1670 exagitat
1337 1624 1467 1657 acriter
1509 1629 1544 1658 et
1583 1625 1722 1658 erudite

318 1682 450 1716 Matth.
476 1682 661 1722 Ferchius,
689 1681 746 1715 vir
770 1681 1032 1722 ornatissimus,
1062 1681 1092 1714 F
1094 1682 1292 1716 ranciscani
1319 1682 1454 1716 ordinis
1479 1682 1720 1727 provincialis,

318 1746 353 1774 et
383 1740 541 1774 modeste
568 1739 747 1774 Bzovium
777 1739 953 1773 Polonum
980 1739 1084 1773 officii
1114 1740 1281 1774 admonet
1308 1741 1449 1775 exculto
1476 1751 1581 1785 opere
1607 1752 1722 1785 nuper

318 1799 497 1832 Camberii
515 1799 621 1832 edito.
647 1798 690 1832 Id
707 1799 824 1843 ipsum
848 1798 956 1832 etiam
974 1797 1127 1832 Aubert.
1147 1798 1308 1833 Miraeus
1326 1799 1363 1833 in
1379 1799 1557 1833 Chronico
1575 1799 1720 1839 refutat,

318 1857 413 1901 quod
445 1856 615 1891 Coloniae
643 1858 743 1890 nulla
774 1857 822 1890 sit
848 1857 884 1890 in
912 1856 1067 1890 archivis
1099 1857 1306 1890 monasterii
1339 1857 1484 1896 mentio,
1516 1861 1580 1891 aut
1610 1858 1722 1901 epita-

318 1916 412 1959 phiis
426 1915 536 1949 variis
551 1916 690 1949 tumulo
704 1915 880 1959 appensis.
911 1914 968 1948 Ita
980 1914 1074 1947 enim
1089 1914 1148 1948 ille
1161 1925 1169 1948 :
1189 1918 1210 1933 ‘⁶
1224 1914 1248 1947 J
1251 1926 1282 1948 o.
1295 1914 1458 1948 Dunsius
1468 1914 1718 1954 Scotus,Doct.

320 1973 469 2007 Subtilis
488 1973 756 2019 cognomento‚”
782 1971 845 2006 &c.
898 1971 1047 2006 Accedit
1070 1973 1271 2007 sanctitatis
1296 1973 1418 2017 opinio
1444 1984 1515 2017 qua
1541 1985 1654 2018 usquc
1681 1974 1718 2006 in

319 2032 530 2065 hodiernum
551 2031 644 2065 diem
663 2032 779 2065 clarus
798 2036 863 2071 est,
881 2042 963 2064 nam
979 2035 1014 2064 et
1033 2042 1095 2064 ara
1113 2042 1192 2064 cum
1212 2031 1375 2075 lampade
1394 2031 1541 2065 ardente
1555 2030 1718 2065 Dumfri—

303 2090 361 2137 'sii
392 2093 480 2130 erat,
513 2094 548 2123 et
577 2089 773 2123 Mauritius
802 2088 1018 2123 Hibernicus
1046 2093 1128 2123 ante
1159 2098 1257 2123 cxx.
1288 2100 1400 2123 annos
1431 2100 1512 2123 eum
1546 2089 1717 2124 Sanctum

318 2147 449 2191 ubique
475 2151 588 2187 vocat,
619 2152 655 2181 et
685 2147 862 2181 consentit
893 2147 1102 2181 Matthaeus
1126 2147 1299 2181 Ferchius
1318 2147 1423 2187 idem,
1451 2148 1586 2181 ordinis
1616 2147 1717 2182 Sera-

319 2204 414 2247 phici
432 2205 558 2244 socius,
577 2216 668 2249 quae
686 2216 767 2239 cum
791 2206 855 2239 tali
879 2204 954 2239 fato
977 2216 1139 2251 pugnare
1164 2205 1317 2245 videtur,
1342 2211 1377 2240 et
1403 2205 1534 2240 refellit
1560 2205 1717 2240 Joannes

321 2261 548 2296 Stommelius
573 2264 731 2297 oratione
758 2264 800 2297 de
827 2264 887 2297 illo
912 2263 1097 2298 Bononiae
1115 2264 1221 2304 edita,
1247 2275 1355 2308 quam
1375 2265 1455 2298 adi:
1482 2264 1577 2309 quod
1596 2269 1716 2297 tamen

319 2319 528 2364 figmentum
557 2321 655 2354 scioli
681 2322 785 2355 avide
816 2322 1057 2366 arripuerunt.
1120 2321 1235 2355 Janus
1266 2321 1398 2356 Vitalis
1425 2322 1717 2357 maledicentissi-

319 2388 398 2410 mus
418 2389 438 2410 a
455 2376 478 2410 J
481 2378 562 2412 ovio
580 2384 780 2423 corruptus,
799 2379 962 2413 inficetus
982 2390 1126 2413 scurra:

621 2441 707 2477 Quod
722 2442 796 2471 nulli
811 2453 939 2482 unquam
954 2443 1102 2472 hominum
1117 2444 1231 2478 accidit,
1247 2444 1348 2478 viator,
