2032 2912
317 312 379 342 162
697 303 930 337 HISTORIA
955 299 1332 334 ECCLESIASTICA

321 412 362 440 ut
383 406 418 439 S.
438 403 613 438 Alcuinus
632 400 750 444 Epist.
769 398 814 432 ad
832 397 1001 432 Flavium
1019 395 1207 430 Demetam
1226 395 1361 436 scribit,
1382 395 1439 429 cui
1459 395 1567 430 etiam
1585 397 1623 430 in
1637 396 1721 433 Sco-

322 465 371 498 tia
389 461 508 509 agenti
527 459 699 504 quosdam
718 455 991 490 commentarios
1010 465 1093 488 suos
1111 454 1146 488 S.
1165 452 1346 488 Alcuinus
1365 453 1514 487 dedicat.
1572 453 1722 500 Scripsit

469 517 652 562 Epistulas
671 516 715 549 ad
733 514 930 548 Alcuinum
949 513 1167 559 magistrum
1305 511 1367 546 lib.
1388 521 1413 546 Ι.
1433 511 1586 556 Reliqua
1605 524 1723 557 opera,

518 574 631 608 Danis
658 574 813 607 insulam
842 572 941 605 illam
965 570 1142 604 Scoticam
1166 570 1448 610 devastantibus,
1477 575 1512 604 et
1536 570 1724 605 bibliothe-

518 642 596 666 cam
614 630 898 670 incendentibus,
916 628 1111 673 perierunt.

371 690 511 725 Claruit
530 700 624 724 anno
643 697 789 723 Dccxc.
843 687 984 721 Colitur
1002 695 1088 720 XVI.
1106 685 1131 719 J
1133 697 1256 720 anuar.

711 801 947 837 JOANNES
973 801 1198 836 CURRAR.
1251 803 1334 839 274.

326 923 348 956 J
352 930 517 956 OANNES
532 921 678 960 Currar,
693 919 768 954 sive
784 917 986 959 Currerius,
1003 917 1108 951 domo
1126 915 1339 956 Banfiensis,
1358 916 1419 950 sed
1433 916 1566 963 insigni
1580 918 1728 953 militari

327 980 539 1014 fortitudine
555 979 632 1025 regi
651 977 848 1012 Wilhelmo
870 969 985 1010 carus.
1017 974 1110 1009 Cum
1128 974 1318 1018 recepisset
1335 973 1372 1007 N
1374 974 1637 1009 orthumbriam
1654 987 1728 1016 rex,

329 1037 497 1072 Currerio
515 1038 600 1072 data
617 1034 822 1081 provinciae
840 1033 1123 1073 administratio;
1153 1033 1275 1077 itaque
1293 1032 1352 1066 ille
1370 1032 1470 1078 regio
1488 1033 1632 1067 nomine
1649 1044 1731 1078 pro-

329 1095 483 1129 vinciam
502 1094 682 1134 lustravit,
705 1104 746 1127 ac
769 1092 980 1126 circumiens
1002 1091 1041 1125 in
1058 1090 1331 1125 commentarios
1350 1090 1475 1124 retulit
1493 1090 1587 1125 vires
1606 1091 1731 1126 civita-

330 1160 418 1194 tum,
439 1158 546 1198 atque
569 1152 785 1198 populorum
812 1150 874 1195 qui
898 1149 990 1183 bello
1014 1149 1188 1183 inservire
1210 1153 1356 1193 possent
1382 1148 1664 1190 multitudinem,
1689 1155 1731 1183 ut

330 1211 461 1246 faceret
496 1211 675 1256 quoddam
713 1209 826 1243 veluti
860 1208 1097 1242 summarium
1134 1211 1198 1241 aut
1232 1206 1452 1240 breviarium
1484 1207 1652 1253 regionis,
1689 1212 1731 1241 ut

331 1274 433 1304 vocat
452 1269 644 1303 Suetonius
663 1268 701 1302 in
719 1266 901 1313 Augusto.
955 1265 1120 1299 Titulum
1139 1265 1237 1309 operi
1256 1264 1350 1305 fecit,

478 1326 533 1360 De
576 1326 804 1372 septuaginta
847 1329 882 1358 et
924 1328 1003 1358 octo
1045 1323 1195 1358 munitis
1242 1322 1407 1357 Castellis
1451 1322 1732 1358 Northumbriae

529 1384 731 1419 Comitatus
1277 1381 1338 1415 lib.
1359 1390 1385 1415 1.

481 1443 536 1476 De
554 1441 823 1475 Possessoribus
841 1451 964 1474 eorum
982 1440 1152 1474 continua
1169 1439 1258 1473 serie
1276 1439 1337 1473 lib.
1358 1447 1384 1473 Ι.

479 1500 535 1534 De
553 1499 678 1533 Officio
696 1498 874 1532 Limitum
892 1497 1067 1532 Praefecti
1277 1497 1338 1531 lib.
1359 1506 1384 1531 1.

480 1557 666 1602 Epistolae
684 1557 729 1590 ad
747 1555 984 1589 Wilhelmum
1002 1555 1139 1602 Regem
1276 1555 1337 1589 lib.
1358 1563 1384 1588 1.

383 1615 526 1651 Floruit
543 1615 636 1649 circa
653 1624 786 1648 annum
807 1621 994 1647 MCCLXX.

754 1711 789 1746 S.
817 1710 1180 1746 COLUMBANUS.
1233 1714 1316 1749 275.

334 1790 369 1824 S.
389 1789 688 1828 COLUMBANUS‚
707 1791 742 1821 et
760 1787 828 1821 iste
846 1786 891 1820 ab
909 1786 988 1820 aliis
1007 1786 1170 1820 diversus
1190 1790 1317 1827 aetate,
1344 1790 1380 1820 et
1404 1786 1500 1820 vitae
1518 1786 1733 1828 conditione,

335 1859 419 1882 nam
437 1852 518 1892 post
537 1847 616 1880 illos
635 1846 758 1879 multis
777 1845 879 1879 annis
898 1844 1002 1883 vixit,
1021 1848 1057 1878 et
1074 1855 1155 1878 cum
1174 1845 1226 1878 illi
1245 1843 1463 1878 monasticae
1486 1856 1523 1878 se
1549 1844 1645 1879 vitae
1662 1849 1736 1879 tra-

336 1905 521 1944 didissent,
539 1904 597 1937 hic
621 1904 805 1948 episcopus
829 1913 910 1936 cum
935 1900 1149 1942 Thomiano,
1175 1902 1390 1943 Chromano,
1415 1901 1582 1943 Dimano,
1606 1907 1641 1937 et
1665 1902 1737 1937 Ba-

337 1963 447 1997 thano
465 1962 691 2006 coepiscopis,
711 1961 886 1994 Scoticam
904 1960 1085 1994 ecclesiam
1109 1960 1266 2006 regebat,
1293 1971 1374 1994 cum
1397 1965 1477 1994 orta
1499 1964 1553 1994 est
1575 1960 1636 1994 illa
1659 1971 1737 2005 per-

339 2021 472 2055 niciosa
502 2021 545 2054 de
576 2019 784 2053 celebrando
814 2017 989 2051 Paschate
1018 2017 1112 2051 inter
1135 2018 1258 2052 Scotos
1284 2022 1320 2052 et
1344 2017 1540 2052 Britannos
1564 2019 1737 2063 quaestio,

338 2083 380 2112 ut
398 2078 550 2112 habetur
567 2078 605 2111 in
630 2077 792 2111 Decretis
812 2074 967 2109 Honorii
989 2074 1017 2109 Ι.
1037 2086 1112 2120 cap.
1133 2085 1221 2110 XIX.
1247 2080 1332 2110 tom.
1358 2085 1418 2110 111.
1447 2075 1636 2110 Concilior.
1655 2087 1737 2122 pag.

345 2145 462 2170 LXIII.
516 2135 666 2179 Scripsit

488 2192 670 2237 Epistolas
689 2192 734 2226 ad
757 2190 940 2225 Hilarium
963 2189 1338 2237 Archipresbyterum,
1365 2191 1542 2226 Joannem
1568 2191 1738 2225 Primice-

539 2252 644 2290 rium,
667 2250 690 2284 J
694 2261 846 2285 oannem
868 2248 1080 2289 Diaconum,
1103 2248 1280 2283 Joannem
1303 2261 1445 2284 servum
1464 2249 1544 2290 Dei,
1570 2248 1605 2283 S.
1626 2249 1672 2283 R.
1692 2248 1738 2282 E.

537 2309 654 2342 locum
674 2312 869 2347 servantes,
888 2311 923 2341 et
941 2307 1039 2347 alios,
1054 2312 1095 2341 ut
1113 2307 1287 2342 Boethius
1302 2312 1477 2342 memorat
1490 2307 1551 2343 lib.
1568 2316 1624 2341 lx.
1641 2306 1737 2340 Hist.

543 2365 636 2399 Scot.
656 2376 736 2411 pag.
757 2373 929 2399 CLXXVI.

493 2423 546 2457 De
566 2423 739 2457 Paschate
757 2423 964 2457 celebrando
1287 2422 1348 2456 lib.
1369 2431 1394 2455 1.
