2032 2912
700 350 877 383 GENTIS
902 350 1183 389 SCOTORUM‚
1208 351 1298 383 LIB.
1324 351 1389 383 111.
1682 352 1741 382 185

346 446 608 491 Capucinorum
632 445 759 486 socius,
786 446 824 479 in
850 445 969 480 Scotia
994 457 1059 479 sua
1085 447 1216 480 multos
1242 446 1379 480 labores
1406 457 1471 490 pro
1497 445 1632 480 Christi
1661 457 1741 480 cau-

345 515 395 543 sa,
432 505 504 538 imo
538 510 573 538 et
608 504 833 537 vinculorum
864 514 937 537 non
971 504 1078 537 semel
1115 505 1365 537 contumeliam
1400 515 1537 548 passus,
1575 503 1742 538 Lutetiae

345 562 479 606 primas
520 561 704 596 cathedras
744 561 971 595 concionator
1003 561 1131 600 tenuit,
1172 572 1244 594 non
1283 562 1402 595 minus
1439 561 1598 595 eruditus
1633 572 1741 606 quam

344 620 441 663 pius:
465 620 528 653 diu
545 620 639 663 apud
661 618 873 652 Austrasiae
897 619 1073 663 principes
1098 623 1271 658 versatus,
1296 619 1412 652 ordini
1437 630 1502 653 suo
1523 619 1560 652 in
1584 630 1662 652 eam
1688 629 1742 652 re-

343 678 485 723 gionem
504 677 642 711 aditum
666 675 844 720 patefecit,
869 680 1064 710 conventus
1090 675 1287 709 Nanceiani
1306 680 1342 710 et
1368 676 1633 720 Mussipontani
1660 686 1741 709 auc-

344 739 411 768 tor.
461 733 613 779 Scripsit

493 791 628 826 Contra
645 791 877 826 Calvinianae
897 791 1093 825 Haereseos
1111 790 1295 835 Principia
1386 791 1446 825 lib.
1468 800 1492 825 1.

491 849 763 894 Disputationes
781 861 862 883 cum
881 849 1058 884 Ministris
1077 850 1250 883 solemnes
1386 849 1447 883 lib.
1468 858 1492 882 1.

492 907 687 961 Conciones
1387 907 1448 941 lib.
1468 916 1493 940 1.

494 965 703 1010 Spiritualia
722 966 897 1010 quaedam
1388 965 1449 999 lib.
1471 975 1496 1000 1.

394 1023 497 1058 Vivit
515 1024 630 1057 adhuc
648 1024 685 1056 in
701 1023 836 1069 Belgio,
851 1024 913 1058 ubi
926 1024 1075 1058 barones
1090 1023 1269 1063 Forbassi,
1286 1034 1358 1057 non
1372 1023 1423 1057 ita
1437 1023 1575 1067 pridem
1590 1024 1740 1058 eundem

344 1081 506 1115 habitum
536 1081 665 1121 induti,
696 1087 732 1115 et
760 1081 929 1115 vixerunt
955 1086 990 1115 et
1017 1082 1192 1120 obierunt,
1225 1092 1378 1126 quorum
1409 1081 1525 1127 major
1553 1082 1741 1116 sanctitate

344 1140 462 1179 claret,
476 1143 510 1173 et
525 1140 601 1174 vita
614 1140 709 1173 edita
726 1139 792 1173 hoc
809 1139 928 1179 titulo,
942 1136 1052 1173 Alter
1063 1136 1196 1173 Alexis
1209 1152 1220 1172 :
1240 1150 1312 1173 non
1326 1139 1412 1178 vidi,
1430 1139 1492 1173 sed
1505 1139 1577 1174 scio
1595 1139 1737 1174 editam.

738 1254 1012 1290 CONRADUS
1039 1254 1207 1288 RUFFI.
1232 1270 1235 1273 ·
1262 1257 1344 1305 325.

344 1371 568 1404 CONRADUS
595 1370 702 1410 Ruffi,
729 1369 982 1416 Sterlingensis
1008 1369 1278 1411 Dominicanus,
1311 1375 1332 1390 “
1359 1371 1415 1404 vir
1441 1371 1627 1405 literarum
1651 1371 1741 1405 divi-

343 1439 471 1462 narum
495 1429 687 1468 studiosus,
716 1432 752 1462 et
780 1428 818 1462 in
842 1428 1052 1461 scholastica
1074 1432 1110 1461 et
1135 1428 1451 1472 peripateticorum
1476 1429 1638 1463 doctrina
1664 1440 1742 1462 ver-

344 1487 474 1526 satus,'’
501 1487 552 1520 ait
577 1486 759 1521 Antonius
785 1485 950 1520 Senensis
975 1485 1172 1519 Lusitanus
1196 1486 1235 1520 in
1259 1485 1482 1520 Bibliotheca
1501 1485 1741 1520 Praedicator.

343 1544 494 1589 Scripsit

491 1601 810 1637 Abbreviationem
829 1601 1076 1646 Expositionis
1094 1601 1140 1635 D.
1161 1601 1323 1636 Thomae
1340 1603 1379 1636 in
1397 1602 1609 1648 Evangelia.

494 1660 691 1695 Homiliam
709 1672 816 1705 super
834 1659 1086 1704 Evangelium‚
1109 1664 1129 1679 “
1148 1659 1273 1694 Stabat
1286 1660 1394 1705 juxta
1412 1661 1582 1699 crucem,”
1600 1658 1665 1694 8εο.

494 1717 692 1752 Homiliam
710 1718 748 1751 in
767 1718 856 1751 illud
874 1716 1077 1762 Evangelii,
1102 1722 1124 1737 “
1141 1716 1329 1751 Extollens
1348 1728 1469 1751 vocem
1488 1717 1616 1751 mulier
1633 1728 1738 1761 quae-

542 1776 657 1816 dam,''
677 1774 743 1810 &c.

394 1833 562 1868 Florebat
579 1844 673 1867 anno
693 1842 894 1867 Mcccxix.

653 1948 868 1983 THOMAS
894 1947 1293 1983 COLYNGHAMUS.
1346 1947 1429 1983 326.

345 2065 523 2100 THOMAS
549 2065 830 2111 Colynghamus,
856 2065 1051 2099 monachus
1077 2064 1332 2105 Cisterciensis‚
1360 2065 1507 2099 Parisiis
1531 2065 1735 2099 doctoratus

344 2125 512 2164 lauream,
543 2128 734 2168 antequam
763 2123 978 2157 monachum
1008 2122 1192 2162 induisset,
1224 2128 1416 2157 assecutus.
1478 2122 1734 2157 Commentarii

344 2181 538 2215 Sorbonici.
590 2180 683 2227 Ejiis
701 2185 756 2215 est
773 2192 862 2225 opus
880 2181 1012 2214 serium
1031 2185 1066 2214 et
1083 2192 1192 2226 grave

493 2238 548 2273 De
571 2237 810 2278 Eucharistia‚
834 2238 912 2272 MS.
938 2239 975 2272 in
1001 2238 1214 2272 bibliotheca
1238 2238 1283 2272 D.
1310 2238 1477 2279 Victoris,
1504 2243 1540 2272 et
1565 2248 1735 2272 excusum

540 2296 624 2330 olim
642 2295 808 2330 Lutetiae
825 2307 888 2340 per
904 2295 928 2329 J
930 2307 1078 2330 oannem
1099 2296 1318 2342 Cheyneum.

393 2352 549 2388 Vivebat
565 2365 658 2388 anno
678 2362 983 2388 MCCCLxxxvn.
