2044 2992
999 342 1041 381 ix

328 449 454 496 Coke‚
467 447 641 489 Comitis
656 452 798 501 postea
812 445 1134 485 Leicestriensis.
1188 445 1323 485 Laute
1338 450 1508 485 ornatus
1524 450 1586 485 est
1601 443 1704 484 liber

329 513 417 560 iste,
442 510 674 552 Florentiae
694 510 826 549 forma
844 511 1000 562 maj0re
1021 509 1169 556 editus,
1190 509 1372 562 primum
1392 509 1563 562 quidem
1589 508 1704 548 volu-

327 590 423 616 men
454 588 564 615 anno
602 578 719 621 1723,
747 572 977 613 secundum
1008 586 1118 612 anno
1147 572 1404 625 insequente.
1462 573 1541 612 Cui
1572 586 1706 612 comes

327 645 469 693 postea
488 640 610 679 datus
631 643 693 677 est
719 637 782 677 Jo.
811 636 1023 690 Baptistae
1050 636 1224 675 Passerii
1253 635 1368 683 liber,
1396 642 1418 659 ‘⁶
1437 636 1489 675 In
1520 636 1706 676 Thomae

328 702 565 756 Dempsteri
594 701 721 741 libros
747 700 799 740 de
826 700 998 739 Etruria
1024 698 1172 752 Regali
1200 698 1525 752 Paralipomena,
1554 700 1707 753 quibus

327 766 513 806 Tabulae
533 766 669 806 eidem
688 765 815 818 Operi
843 764 1008 804 additae
1035 762 1311 803 illustrantur.
1369 762 1588 803 Accedunt
1614 763 1708 802 Dis-

327 830 571 870 sertationes
602 829 655 869 de
686 828 751 868 Re
786 826 1032 867 Nummaria
1060 826 1348 874 Etruscorum,
1374 826 1427 866 de
1457 826 1708 866 Nominibus

328 893 613 940 Etruscorum,
648 897 691 932 et
725 891 861 932 Notae
900 892 944 931 in
983 890 1165 931 Tabulas
1204 890 1485 944 Eugubinas.’'
1557 890 1706 937 Lucae,

331 957 448 1004 1767,
468 955 537 996 fol.

384 1020 533 1073 Neque
544 1019 612 1059 hic
624 1019 968 1073 praetereundam
980 1025 1085 1072 puto
1105 1018 1331 1058 editionem
1347 1018 1707 1072 Dempsterianam

329 1083 424 1123 libri
445 1084 497 1123 de
523 1082 633 1123 bello
659 1097 772 1123 sacro
802 1097 927 1137 quem
954 1088 1192 1123 exaraverat
1219 1082 1472 1122 Benedictus
1501 1082 1708 1130 Accoltus‚

325 1146 651 1201 jurisconsultus
694 1146 838 1194 Italus,
882 1147 1112 1186 exstinctus
1155 1159 1265 1185 anno
1307 1152 1519 1199 reparatae
1564 1145 1709 1186 salutis

335 1211 463 1250 1466:
503 1211 630 1250 frater
663 1212 753 1264 ejus
787 1210 870 1249 fuit
904 1210 938 1250 F
941 1210 1147 1249 ranciscus
1185 1209 1393 1257 Accoltus,
1433 1215 1708 1262 cognomento

328 1274 538 1320 Aretinus,
560 1273 644 1326 qui,
665 1278 771 1312 teste
793 1272 1010 1312 Pancirolo
1034 1273 1086 1312 de
1112 1272 1244 1312 Claris
1274 1272 1436 1326 Legum
1465 1273 1709 1326 Interpreti-

329 1338 415 1385 bus,
435 1351 473 1390 p.
495 1341 588 1384 201,
608 1336 796 1376 omnium
817 1335 879 1375 sui
901 1335 1028 1375 seculi
1045 1335 1440 1389 jurisconsultorum
1460 1335 1583 1389 longe
1598 1338 1711 1389 prin-

329 1414 422 1454 ceps
443 1400 609 1439 habitus
629 1405 701 1439 est.
755 1405 776 1423 ‘⁶
792 1399 1009 1439 Benedicti
1030 1399 1191 1439 Accolti
1212 1399 1264 1439 de
1285 1398 1405 1439 Bello
1425 1413 1449 1438 a
1464 1400 1711 1440 Christianis

330 1470 474 1504 contra
494 1464 696 1503 Barbaros
715 1469 841 1517 gesto,
861 1477 937 1517 pro
957 1463 1113 1502 Christi
1135 1462 1331 1517 Sepulcro
1352 1469 1394 1503 et
1414 1463 1441 1502 J
1444 1464 1575 1504 udaea
1595 1478 1711 1504 recu-

330 1527 534 1582 perandis,
554 1526 648 1567 libri
672 1542 757 1567 1111.
816 1527 998 1566 Thomas
1018 1526 1303 1580 Dempsterus,
1323 1527 1361 1566 J.
1381 1528 1425 1566 C.
1447 1527 1556 1567 Baro
1576 1542 1600 1567 a
1615 1528 1712 1568 Mu-

330 1591 423 1631 resk
443 1592 598 1638 Scotus‚
619 1605 715 1631 cum
735 1590 825 1631 aliis
845 1590 1113 1644 scriptoribus
1129 1589 1310 1638 collatos,
1327 1597 1370 1630 et
1384 1592 1546 1631 mendis
1562 1606 1712 1645 expur-

329 1655 452 1708 gavit,
473 1660 516 1694 et
535 1655 646 1695 notis
666 1668 750 1694 non
766 1653 1006 1707 vulgaribus
1026 1653 1285 1694 illust-ravit.”
1326 1654 1574 1704 Florentiae,
1594 1656 1710 1703 1623,

332 1722 413 1758 4to.
464 1718 580 1758 Haec
596 1718 725 1758 editio
741 1724 910 1758 centum
923 1718 1074 1758 abhinc
1086 1718 1206 1758 annis
1221 1718 1398 1772 repetita
1414 1725 1476 1758 est
1490 1720 1602 1773 apud
1618 1719 1713 1760 Bel-

332 1796 402 1835 gas
417 1788 505 1821 :.-“
520 1781 646 1822 Nunc
660 1782 800 1821 denuo
819 1782 873 1821 ad
892 1780 1102 1835 exemplar
1124 1781 1416 1821 Florentinum
1437 1796 1710 1823 crorocxxrn.

333 1846 383 1885 ab
410 1845 639 1884 innumeris
666 1851 709 1884 et
733 1844 978 1884 foedissimis
1004 1845 1166 1885 mendis
1195 1852 1483 1898 expurgatum,
1510 1847 1712 1887 emacula-

334 1909 418 1957 tius
450 1908 706 1948 recudendos
739 1908 897 1948 curavit
929 1907 1139 1948 Henricus
1173 1908 1412 1956 Hofsnider,
1447 1924 1543 1950 cum
1574 1911 1711 1951 indice

335 1972 432 2012 satis
471 1971 723 2011 luculento.”
796 1971 1045 2024 Groningae,
1088 1976 1205 2020 1731,
1245 1976 1333 2012 8vo.
1403 1972 1532 2013 Hunc
1571 1981 1711 2016 autem

334 2035 687 2082 commentarium,
707 2041 756 2074 ut
776 2035 1175 2088 praestantissimum
1191 2036 1428 2090 Dempsteri
1449 2051 1563 2091 opus,
1580 2052 1713 2092 nuper

334 2098 520 2139 laudavit
545 2099 571 2137 J
574 2112 727 2138 oannes
754 2098 1045 2146 Pinkertonus,
1071 2098 1258 2152 lepidum
1278 2113 1375 2140 sane
1398 2107 1533 2154 caput,
1554 2103 1626 2155 qui
1647 2103 1709 2142 ni-

334 2162 412 2202 mis
427 2162 503 2201 sibi
518 2161 686 2215 placuit.
744 2163 962 2202 periochas
976 2168 1157 2215 quatuor
1172 2162 1373 2203 librorum
1389 2165 1570 2206 carmine
1590 2166 1714 2220 scrip-

336 2226 390 2265 sit
410 2226 612 2279 Georgius
632 2225 820 2265 Conaeus
841 2226 995 2265 Scotus‚

392 2289 575 2329 Patriam
595 2303 763 2342 quoque
782 2289 995 2329 historiam
1016 2304 1228 2343 aggressus
1249 2297 1311 2331 est
1331 2291 1603 2346 Dempsterus
1624 2307 1715 2334 nos-

337 2360 411 2400 ter,
431 2367 476 2392 ac
503 2353 556 2392 de
584 2353 706 2392 rebus
731 2353 899 2393 Scoticis
928 2353 1060 2393 varios
1090 2355 1223 2394 edidit
1248 2354 1420 2404 libellos,
1448 2355 1549 2397 alios
1575 2356 1713 2411 plures

333 2417 534 2465 editurus,
555 2415 633 2457 nisi
654 2416 883 2470 longiorem
904 2417 941 2458 ei
968 2417 1096 2458 vitam
1123 2418 1238 2460 Deus
1265 2419 1516 2474 denegasset.
1574 2421 1709 2475 Opera

1020 2492 1039 2517 c
