2032 2912
711 340 888 374 GENTIS
912 340 1190 381 SCOTORUM‚
1214 340 1304 374 LIB.
1329 340 1394 373 111.
1688 340 1751 373 179

360 436 397 469 in
418 434 546 476 Scotia,
565 440 605 470 ut
623 447 668 470 ex
687 436 850 471 Historia
867 435 1064 470 Alexandri
1083 436 1178 471 Milli
1196 437 1281 471 alibi
1304 436 1393 470 fuse.
1418 434 1601 470 Antonius
1620 434 1750 469 Senen-

360 494 408 527 sis
427 493 623 528 Lusitanus
641 493 805 528 Chronic.
825 493 913 528 Ord.
933 493 1093 528 Praedic.
1112 505 1193 540 pag.
1214 503 1344 528 LXVII.

707 607 997 642 LUDOVICUS
1023 608 1277 643 CERLEON.
1331 612 1413 647 309.

359 724 596 759 LUDOVICUS
611 724 772 765 Cerleon,
787 725 870 758 exul
884 725 920 758 in
935 723 1080 771 Ang1ia,
1095 725 1275 769 praeclara
1291 725 1427 771 ingenii
1445 726 1502 759 sui
1520 734 1752 761 monumenta

358 781 525 826 reliquit3
544 793 608 816 nec
625 783 730 826 plura
742 783 785 816 de
800 793 841 816 eo
854 781 1080 827 deprehendi,
1097 782 1167 815 nisi
1185 781 1223 816 in
1240 782 1395 826 patriam
1410 787 1615 818 revocatum
1629 784 1752 818 statim

359 840 559 874 excessisse.
613 839 705 886 Ejus
725 844 831 874 sunt:

506 897 669 933 Eduardi
687 897 800 944 Angli
819 897 1001 942 Tyrannis
1305 898 1366 933 lib.
1387 908 1413 932 1.
1432 898 1614 934 Sconanus
1633 900 1752 934 codeX.

506 955 753 1001 Epistolarum
771 955 817 989 D.
838 955 942 990 Pauli
962 956 1182 1001 Explanatio
1310 957 1372 991 lib.
1394 967 1419 991 1.

508 1013 759 1058 Philosophiae
777 1013 1036 1059 Compendium
1308 1014 1369 1049 lib.
1390 1024 1415 1049 Ι.
1435 1027 1525 1060 quae
1542 1016 1670 1050 ultima
1684 1016 1754 1050 duo

554 1083 662 1117 opera
679 1071 840 1106 Basileae
858 1073 1078 1116 prodierunt.

408 1129 562 1164 Vivebat
579 1141 673 1164 anno
693 1138 923 1164 MCCCLXIX.

844 1245 1131 1281 COGITOSUS.
1186 1249 1268 1281 310.

358 1360 598 1398 COGlTosUs.
613 1361 835 1395 nobilissima
852 1362 958 1395 domo
976 1366 1087 1403 ortus,
1106 1362 1141 1396 S.
1163 1362 1335 1408 Brigidae
1353 1362 1566 1397 Ladinensis
1584 1374 1704 1407 nepos,
1723 1367 1759 1397 et

356 1419 471 1452 eidem
490 1419 658 1463 aequalis,
677 1424 718 1453 ut
736 1420 811 1463 ipse
829 1419 867 1453 in
886 1419 954 1453 fine
972 1421 1088 1464 operis
1111 1421 1167 1454 sui
1193 1420 1324 1454 innuit.
1376 1420 1421 1455 V.
1441 1422 1524 1454 clar.
1546 1420 1758 1454 Theodorus

357 1476 543 1510 Marcilius
570 1477 786 1511 monasticae
813 1476 1043 1522 professionis
1067 1489 1149 1511 eum
1173 1477 1284 1512 fuisse
1310 1478 1541 1518 existimavit,
1573 1478 1636 1512 sed
1660 1479 1758 1512 nulla

356 1534 532 1579 probabili
558 1535 707 1569 ratione.
771 1534 942 1581 Ignotum
968 1539 1045 1569 erat
1071 1536 1167 1580 apud
1197 1535 1319 1570 Scotos
1346 1536 1455 1582 hujus
1481 1547 1622 1576 nomen,
1649 1536 1760 1570 donec

359 1592 538 1626 Henricus
557 1592 723 1626 Canisius
742 1604 761 1627 e
779 1593 935 1627 tenebris
960 1594 1169 1627 memoriam
1193 1594 1295 1638 quasi
1321 1593 1514 1640 fugitivam
1538 1594 1700 1634 retraxit,
1725 1598 1760 1627 et

355 1649 535 1693 publicato
554 1661 659 1694 opere
677 1650 876 1684 recidivatu
894 1651 1052 1684 donavit.
1091 1650 1205 1697 Cujus
1222 1651 1479 1695 praefationem
1499 1652 1590 1685 vide.
1634 1651 1762 1684 Memi-

356 1707 413 1740 nit
429 1706 565 1741 Anton.
586 1707 772 1741 Possevin.
793 1707 969 1751 Apparat.
989 1707 1087 1741 Sacri
1105 1708 1272 1752 Append.
1293 1718 1336 1742 11.
1355 1720 1436 1754 pag.
1457 1717 1574 1742 XXIV.
1610 1709 1760 1753 Scripsit

506 1764 561 1798 De
581 1764 669 1798 Vita
687 1764 723 1798 S.
744 1765 915 1811 Brigidae
1305 1766 1365 1799 lib.
1389 1775 1413 1799 1.

508 1821 559 1856 Et
585 1822 654 1856 alia
685 1823 724 1856 in
751 1823 965 1857 bibliotheca
995 1823 1171 1857 Bavarica
1197 1823 1274 1869 ejus
1301 1827 1533 1857 monumenta
1558 1825 1758 1858 conservari

563 1881 682 1914 audio.

410 1937 515 1973 Vixit
546 1949 619 1972 non
650 1949 743 1972 anno
772 1947 932 1972 MXXIII.
960 1943 1000 1972 ut
1028 1939 1105 1972 viro
1131 1939 1289 1982 alioquin
1315 1939 1418 1973 docto
1444 1939 1572 1980 visum,
1597 1940 1657 1973 sed
1681 1950 1761 1974 cum

360 1996 438 2040 ipsa
456 1995 491 2029 S.
512 1995 682 2041 Brigitta,
708 2008 795 2030 aevo
813 1997 945 2030 scilicet
964 1995 988 2029 J
990 1996 1100 2030 ustini
1119 1996 1272 2030 Minoris
1291 1996 1384 2030 circa
1407 2007 1541 2031 annum
1565 2006 1634 2031 DX.
1661 1997 1761 2032 Sitne

359 2065 468 2098 nepos
490 2065 532 2087 ex
552 2065 655 2088 carne
673 2065 719 2087 an
738 2054 891 2094 nomine,
910 2065 1016 2098 penes
1035 2054 1122 2088 alios
1140 2054 1187 2088 sit
1205 2055 1376 2098 quaestio.

779 2169 815 2202 S.
844 2168 1203 2203 CHRISTIANUS.
1257 2171 1302 2203 31
1310 2172 1342 2204 1.

357 2284 393 2318 S.
430 2284 724 2325 CHRISTIANUS‚
763 2285 971 2319 monasterii
1010 2285 1197 2320 Scotorum
1234 2285 1279 2319 D.
1316 2285 1440 2320 Jacobi
1485 2287 1636 2333 Majoris
1680 2288 1762 2322 sub-

359 2342 463 2376 urbio
500 2342 774 2386 Herbipolitano
809 2342 1071 2382 coenobiarcha,
1106 2344 1269 2388 precibus
1304 2344 1349 2378 ab
1387 2343 1629 2380 Embrichone
1671 2346 1762 2381 Her-

359 2400 532 2444 bipolensi
575 2401 739 2445 episcopo
787 2400 954 2441 obtinuit,
1003 2405 1044 2434 ut
1087 2402 1296 2436 coenobium
1346 2402 1435 2436 illud
1478 2403 1515 2436 in
1562 2405 1765 2450 peregrino-

357 2468 438 2491 rum
473 2458 626 2503 gratiam
663 2457 871 2504 erigeretur,
905 2462 947 2492 ut
988 2463 1136 2492 narrant
1177 2459 1301 2494 literae
1340 2458 1560 2494 fundationis
1604 2461 1761 2507 ejusdem
