2032 2912
726 355 901 387 GENTIS
926 355 1203 394 SCOTORUM,
1229 356 1317 388 LIB.
1343 357 1406 388 ΙΙΙ.
1698 357 1759 390 169

368 450 625 485 Constantinus
640 449 697 484 hic
715 455 835 484 noster
852 449 1057 487 censendus,
1076 450 1177 496 cujus
1196 450 1371 496 gloriosae
1396 451 1565 495 reliquiae
1590 443 1757 486 Coloniae

368 509 523 542 claustro
547 507 628 541 RR.
655 507 727 540 ΡΡ.
751 505 1113 552 Augustinianorum‚
1140 512 1179 541 ut
1203 508 1309 542 habet
1335 508 1558 552 Cratepolius
1584 508 1646 542 SS.
1672 509 1758 543 Ger-

366 576 461 599 man.
476 576 557 610 pag.
574 573 677 598 XLII.
717 563 906 607 Scripsisse
921 563 1034 596 videri
1048 568 1165 606 potest
1183 565 1328 609 aliquid,
1345 566 1406 599 sed
1424 577 1467 600 ne
1482 567 1597 610 apices
1615 567 1758 611 quidem

368 627 571 666 supersunt.
625 621 757 654 Passus
776 625 829 654 est
847 631 940 654 anno
958 628 1096 653 CDLIV.
1150 620 1290 656 Colitur
1307 631 1396 656 ΧΧΙ.
1416 623 1560 657 Octobr.

813 718 927 752 GUL.
955 717 1189 753 CARRIUS.
1243 721 1325 756 291.

367 793 617 827 GULIELMUS
636 793 794 834 Carrius,
815 804 877 827 seu
895 792 1021 832 Carus,
1039 793 1150 827 nobili
1168 793 1206 827 in
1225 792 1343 827 Scotia
1361 793 1471 838 stirpe
1489 795 1671 836 oriundus,
1696 797 1759 830 diu

368 851 628 897 peregrinatus,
647 850 764 884 Roma
781 851 894 884 redux
913 850 951 883 in
974 849 1110 896 Anglia
1132 851 1390 895 aliquantisper
1413 851 1585 891 substitit,
1609 853 1670 886 ubi
1695 854 1760 887 mi-

367 914 482 943 sertus
500 909 596 942 illius
614 909 737 953 populi
756 920 777 942 a
799 908 913 941 Danis
935 907 1136 942 infidelibus
1161 909 1248 942 adeo
1273 909 1401 942 misere
1425 910 1594 953 oppressi,
1619 911 1760 954 scripsit

366 967 550 1012 quaedam,
569 977 659 1010 quae
677 971 799 1010 postea
817 966 854 999 in
873 966 969 999 illius
987 966 1175 1010 gentilium
1194 977 1321 999 manus
1339 977 1420 1000 cum
1443 966 1679 1007 devenissent,
1704 979 1760 1012 pe-

366 1025 514 1063 rierunt,
533 1028 574 1057 ut
593 1035 636 1057 ex
655 1024 768 1057 Foxio
786 1023 962 1057 haeretico
981 1022 1176 1057 Parsonius
1193 1022 1217 1056 J
1219 1023 1333 1057 esuita
1351 1024 1505 1058 ostendit
1524 1025 1663 1059 alicubi.

516 1080 679 1114 Historia
697 1080 851 1115 Cariana
1259 1081 1319 1115 lib.
1339 1091 1364 1115 1.

416 1139 514 1173 Haec
533 1139 684 1173 historia
703 1139 835 1183 scripta
854 1138 996 1172 videtur
1014 1149 1107 1172 anno
1126 1146 1325 1172 DCCCCXL.

748 1236 868 1270 ΤΗΟ.
896 1236 1249 1270 CONFERENUS.
1303 1240 1384 1275 292.

367 1312 545 1345 THOMAS
569 1311 802 1352 Conferenus,
836 1311 1025 1345 canonicus
1057 1310 1232 1355 regularis
1264 1310 1554 1356 Augustinianus
1580 1314 1618 1346 in
1644 1314 1761 1348 insula

366 1369 465 1403 Maia
482 1369 674 1413 professus,
694 1369 750 1402 vir
768 1380 899 1414 magna
916 1368 1101 1401 nobilitate
1115 1368 1234 1407 seculi,
1248 1379 1312 1401 nec
1324 1368 1460 1402 minore
1478 1371 1516 1403 in
1529 1370 1642 1405 literis
1658 1372 1761 1405 meri-

366 1432 413 1467 to,
433 1427 688 1460 clarrissimum
708 1427 786 1460 aevi
806 1426 861 1459 sui
873 1425 992 1471 jubar,
1006 1424 1118 1458 frater
1131 1423 1314 1468 Rudolphi
1328 1425 1424 1459 illius
1439 1425 1639 1468 Confereni,
1656 1440 1762 1473 quem

366 1483 559 1518 Eduardus
579 1483 608 1517 Ι.
627 1482 783 1529 Angliae
801 1494 864 1516 rex
882 1493 962 1516 cum
982 1493 1171 1515 numeroso
1189 1482 1348 1516 exercitu
1372 1488 1496 1517 contra
1519 1484 1674 1519 Scotiam
1698 1486 1763 1519 mi-

368 1545 474 1581 serat,
493 1545 535 1574 ut
555 1545 678 1574 narrat
701 1541 896 1585 Polydorus
915 1539 1091 1585 Virgilius
1117 1539 1178 1573 lib.
1204 1548 1307 1573 XVII.
1336 1540 1434 1575 Hist.
1458 1540 1567 1587 Angl.
1588 1543 1649 1576 sed
1668 1543 1764 1577 Tho-

367 1609 454 1638 mas,
473 1598 610 1642 patriae
629 1609 763 1638 amans,
783 1598 895 1632 suasit
918 1608 1021 1641 saepe
1045 1597 1150 1631 fratri
1174 1609 1218 1631 ne
1242 1597 1382 1632 infestis
1402 1600 1510 1633 armis
1529 1601 1683 1643 patriam
1700 1612 1761 1645 pa-

367 1660 554 1699 rentesque
581 1655 779 1699 impeteret.
829 1654 955 1699 Itaque
982 1655 1083 1688 varia
1109 1655 1308 1688 eruditione
1334 1655 1484 1701 insignis
1504 1657 1646 1700 scripsit
1665 1658 1760 1698 haec,

367 1724 519 1757 quorum
539 1724 583 1746 ex
602 1712 722 1746 Indice
741 1713 888 1746 Maiano
906 1713 1171 1745 nomenclatura
1187 1722 1194 1745 :

515 1769 634 1813 Epist.
653 1770 698 1803 ad
717 1769 948 1814 Rudolphum
967 1769 1132 1802 Fratrem
1154 1769 1215 1802 lib.
1237 1778 1260 1802 1.
1288 1769 1422 1804 Contra
1438 1770 1638 1805 Bachonem
1658 1772 1718 1806 lib.
1735 1782 1758 1805 1.

514 1827 568 1860 De
587 1827 854 1861 Mathematicis
1158 1826 1218 1859 lib.
1239 1836 1264 1860 Ι.
1292 1826 1421 1870 Optica
1657 1830 1717 1863 lib.
1734 1839 1758 1863 Ι.

416 1885 571 1919 Vivebat
589 1897 682 1918 anno
702 1894 885 1918 MCCCXX.
922 1884 1005 1918 Non
1023 1884 1093 1917 fuit
1111 1895 1191 1917 cum
1210 1885 1288 1917 aliis
1308 1885 1394 1918 viris
1409 1885 1521 1919 doctis
1536 1885 1654 1919 Scotia
1668 1887 1760 1920 able-

368 1948 473 1988 gatus
492 1942 536 1976 ab
554 1942 725 1976 Eduardo
744 1947 907 1986 tyranno,
927 1942 1011 1986 quia
1029 1946 1107 1975 tum
1125 1941 1183 1974 ille
1202 1940 1337 1975 Romae
1356 1946 1442 1982 erat,
1466 1943 1609 1988 negotia
1627 1944 1759 1978 ordinis

369 2001 424 2035 sui
442 2011 648 2045 procuranS‚
669 2004 704 2034 et
721 2011 799 2034 sero
817 2000 962 2033 domum
981 1998 1097 2033 rediit.

815 2098 928 2132 ROB.
957 2097 1174 2132 CALDER.
1228 2101 1310 2136 293.

372 2173 592 2206 ROBERTUS
611 2172 740 2207 Calder
758 2172 895 2213 Scotus,
914 2184 1007 2206 unus
1033 2184 1051 2206 e
1074 2172 1304 2206 nobilissimis
1328 2174 1526 2207 academiae
1551 2174 1760 2209 Parisiensis

370 2230 583 2270 doctoribus,
602 2234 717 2264 rector
735 2235 810 2264 erat
828 2242 907 2264 cum
927 2231 1052 2276 ingens
1079 2241 1120 2263 ea
1145 2231 1386 2264 controversia
1411 2232 1504 2265 inter
1529 2232 1703 2266 scholares
1725 2238 1760 2266 et

369 2288 463 2321 cives
490 2288 616 2321 accidit
642 2292 800 2332 tempore
827 2287 985 2332 Philippi
1011 2288 1104 2334 regis
1133 2288 1268 2330 Primi;
1296 2290 1417 2334 itaque
1444 2301 1586 2324 causam
1613 2301 1759 2325 suorum

370 2345 536 2389 gnaviter
556 2345 721 2389 suscepit,
740 2345 894 2379 scribens

519 2402 574 2435 De
592 2402 707 2436 Causa
727 2402 948 2436 Scholarium
968 2403 1011 2436 ad
1031 2403 1165 2449 Regem
1186 2403 1394 2449 Philippum
1506 2405 1565 2439 lib.
1587 2415 1611 2439 1.

417 2459 573 2494 Vivebat
592 2471 684 2493 anno
698 2469 791 2493 MCC.
823 2459 916 2493 Acta
930 2460 1096 2495 Nationis
1108 2461 1348 2502 Germanicae,
1362 2462 1522 2496 Parisiis.
1555 2463 1676 2509 Hujus
1691 2465 1760 2498 dis-

370 2517 508 2550 cordiae
526 2518 688 2551 meminit
706 2518 856 2551 historia
874 2517 1018 2559 Gallica,
1041 2523 1077 2553 et
1099 2520 1244 2564 insuper
1264 2519 1480 2555 Hovedenus
1499 2526 1590 2565 part.
1617 2530 1658 2555 11.
1683 2521 1759 2555 An-

370 2574 504 2608 nalium
523 2586 604 2621 pag.
624 2584 825 2610 CCCCLVII.

1062 2643 1088 2667 Ζ
