2032 2912
339 315 405 346 332
724 312 959 346 HISTORIA
983 312 1359 346 ECCLESIASTICA

493 410 536 445 In
556 409 762 443 universam
781 408 990 444 Aristotelis
1009 408 1281 454 Philosophiam
1298 407 1583 443 Commentarios
1636 410 1696 445 lib.
1718 420 1743 444 1.

392 468 496 503 Vivit
510 467 627 502 adhuc
641 467 770 502 ultima
783 471 936 507 senecta,
949 467 1152 501 studiorum
1167 467 1305 501 labores
1323 466 1483 511 quotidie
1500 478 1690 512 passurus;
1710 473 1745 502 et

343 538 436 561 anno
467 525 643 571 superiori
673 530 792 570 patres
821 525 1013 565 societatis,
1050 526 1131 558 cum
1163 524 1331 559 Lutetiae
1362 523 1522 569 Lyceum
1553 537 1596 559 ex
1632 526 1746 560 edicto

342 585 436 630 regis
466 584 701 629 aperuissent,
730 583 925 630 magnique
953 583 1123 627 penderet
1150 583 1194 616 de
1221 582 1426 617 doctoribus
1453 582 1596 617 illorum
1623 595 1745 628 expec-

344 643 444 683 tatio,
462 642 642 677 neminem
661 653 702 676 eo
719 642 894 686 aptiorem
913 641 1122 687 theologicis
1146 641 1276 675 studiis
1294 640 1534 682 invenerunt3
1562 643 1668 686 quale
1685 643 1745 676 ille

342 701 475 735 iterum
489 700 652 746 juvenile
670 700 831 734 studium
851 700 1090 745 ingressurus,
1109 699 1276 734 omnibus
1296 698 1569 734 admirationem
1589 700 1645 734 sui
1664 701 1744 735 reli-

341 759 431 804 quit.

606 872 832 908 JACOBUS
858 871 1156 906 GORDONIUS
1183 879 1337 906 ALTER.
1393 869 1477 907 623.

339 990 522 1026 JACOBUS
548 990 753 1026 Gordonius
783 991 885 1029 alter,
913 999 957 1023 ex
982 988 1121 1023 familia
1146 987 1350 1028 Lesmorea,
1378 988 1538 1034 ejusdem
1567 989 1746 1024 societatis

339 1049 537 1094 presbyter,
557 1050 638 1094 pius
658 1053 693 1083 et
711 1049 848 1089 doctus,
867 1058 940 1082 non
958 1051 1079 1081 tamen
1097 1047 1237 1091 aequali
1255 1047 1294 1080 in
1311 1047 1466 1091 patriam
1486 1047 1635 1089 affectu3
1660 1059 1745 1082 nam

340 1118 421 1142 cum
439 1107 478 1142 in
496 1107 740 1154 Chronologia
757 1118 823 1141 sua
840 1117 945 1150 saepe
968 1106 1012 1139 de
1037 1104 1186 1140 Scoticis
1211 1105 1318 1140 rebus
1343 1115 1425 1140 vere
1448 1106 1548 1150 loqui
1570 1106 1746 1151 potuisset

339 1169 375 1200 et
392 1166 587 1211 splendide,
609 1170 727 1201 tacere
745 1165 885 1204 maluit,
904 1175 1019 1209 neque
1038 1164 1133 1198 enim
1159 1164 1274 1198 ullum
1298 1164 1342 1198 de
1364 1164 1467 1210 regni
1491 1164 1663 1199 nostratis
1687 1175 1747 1198 ex-

339 1224 440 1259 ordio
458 1224 609 1259 verbum
633 1224 730 1269 apud
753 1223 878 1263 illum3
906 1222 978 1256 fuit
996 1228 1117 1257 tamen
1134 1233 1288 1268 magnus
1315 1222 1383 1263 vir,
1410 1233 1474 1257 seu
1501 1222 1747 1267 philosophica

340 1293 403 1316 seu
433 1282 636 1329 theologica
662 1286 862 1327 spectemus
894 1281 1025 1315 studia.
1092 1280 1314 1314 Tolosanum
1345 1280 1525 1315 societatis
1556 1281 1746 1327 collegium

340 1346 375 1375 et
401 1340 496 1374 rexit
521 1340 728 1385 prudenter,
755 1344 790 1374 et
823 1350 931 1373 censu
961 1339 1064 1374 auxit
1090 1338 1266 1379 feliciter3
1296 1350 1338 1373 ac
1365 1343 1491 1383 postea
1521 1338 1746 1373 Pictaviense

339 1399 459 1438 semel,
478 1397 748 1443 Burdegalense
766 1398 910 1437 iterum,
927 1397 1049 1430 eodem
1064 1407 1230 1431 successu
1247 1397 1306 1442 pie
1324 1397 1605 1431 administravit.
1658 1395 1747 1430 Edi-

340 1456 394 1491 dit
411 1456 538 1496 multa,
557 1456 619 1490 sed
637 1455 682 1489 ad
701 1467 758 1489 me
776 1460 918 1489 tantum
938 1459 1115 1489 venerunt

490 1513 751 1559 Chronologiae
770 1514 940 1547 volumen
1005 1521 1030 1547 1.

489 1571 753 1617 Chronologiae
772 1572 940 1604 volumen
992 1579 1035 1604 11.

489 1628 533 1663 In
551 1630 673 1663 omnia
691 1629 736 1663 D.
758 1629 921 1663 Thomae
940 1628 1061 1674 Opera
1078 1628 1280 1674 theologica
1297 1628 1540 1663 Commentar.
1562 1629 1667 1664 MSS.

489 1687 533 1722 In
552 1688 759 1721 universam
778 1686 989 1721 Aristotelis
1008 1686 1279 1731 Philosophiam
1300 1686 1542 1722 commentar.
1563 1688 1668 1723 MSS.

387 1746 492 1781 Vivit
510 1745 626 1780 adhuc
644 1746 682 1780 in
701 1745 839 1786 Galliis,
860 1750 896 1780 et
913 1746 1018 1790 plura
1035 1745 1240 1779 aeternitati
1260 1746 1497 1780 consecranda
1515 1747 1694 1791 procudit.

697 1861 720 1896 J
724 1862 868 1897 OANN
873 1862 933 1896 ES
960 1861 1247 1897 GORDONUS.
1301 1860 1385 1897 624.

339 1979 363 2013 J
366 1987 533 2013 OANNES
556 1978 748 2013 Gordonus
771 1978 883 2013 bonas
907 1985 1001 2013 artes
1024 1978 1183 2013 studiose
1205 1978 1244 2012 in
1271 1977 1398 2013 Galliis
1425 1979 1562 2022 didicit,
1590 1980 1746 2015 maxime

340 2038 495 2084 linguaS,
518 2037 700 2077 Latinam,
726 2036 911 2077 Graecam,
930 2041 966 2072 et
989 2036 1203 2078 Orientales,
1230 2038 1268 2071 in
1287 2038 1417 2082 quibus
1436 2038 1583 2074 cuilibet
1601 2039 1744 2073 mortali

340 2095 532 2141 Europaeo
567 2100 703 2130 certare
738 2096 970 2137 credebatur3
1007 2095 1237 2130 humaniores
1272 2096 1379 2130 etiam
1416 2097 1539 2131 literas
1576 2097 1745 2132 Lutetiae

339 2154 473 2200 attigit,
505 2155 567 2188 sed
597 2165 668 2188 non
699 2154 789 2199 pari,
818 2165 898 2189 meo
924 2154 1063 2200 judicio
1093 2155 1249 2199 quidem,
1282 2165 1458 2189 successu.
1523 2156 1567 2190 In
1598 2155 1745 2190 Britan-

339 2212 436 2246 niam
457 2224 540 2246 mox
558 2212 727 2258 trajicens
746 2213 848 2247 aulae
866 2213 1012 2247 fastidia
1029 2213 1130 2258 sequi
1149 2214 1275 2247 voluit.
1328 2212 1422 2259 Ejus
1448 2214 1540 2249 nihil
1566 2214 1653 2254 vidi,
1682 2214 1744 2248 sed

339 2274 459 2304 tamen

490 2327 674 2362 Historiae
708 2327 936 2363 Baronianae
979 2330 1269 2374 supplementum
1305 2331 1412 2365 audio
1446 2331 1635 2370 meditari3
1681 2331 1740 2365 sed

513 2392 515 2396 ’
538 2385 685 2427 frustra,
704 2398 784 2421 cum
804 2388 933 2434 grandi
951 2388 1013 2423 illo
1031 2389 1244 2423 eruditionis
1269 2400 1309 2424 ac
1335 2388 1451 2424 famae
1477 2400 1607 2423 oceano
1633 2389 1742 2423 rivuli

538 2449 760 2479 concurrent.
