2032 2912
716 341 893 376 GENTIS
915 339 1193 380 SCOTORUM,
1218 339 1308 372 LIB.
1332 340 1378 372 11.
1705 335 1747 368 67

348 440 544 485 episcopus,
563 438 627 473 sed
644 437 839 473 Murthlaci
857 437 1052 477 habendus,
1070 436 1229 471 nondum
1247 435 1341 470 enim
1355 444 1469 479 usque
1482 431 1527 467 ad
1541 431 1577 466 S.
1592 430 1743 466 Davidis

348 498 443 543 regis
461 501 623 542 tempora
644 495 868 541 episcopatus
892 493 1098 528 Murthlaco
1120 492 1365 527 Aberdoniam
1383 491 1604 532 translatum
1630 493 1666 524 et
1692 494 1744 523 ta-

348 565 430 589 men
448 554 598 589 eundem
616 562 771 587 errorem
789 552 827 586 in
845 550 1106 596 Martyrologio
1124 560 1189 585 suo
1206 549 1432 594 transcripsit
1454 548 1586 583 Petrus
1611 546 1747 581 Galesi-

348 612 440 652 nius,
458 609 723 656 protonotarius
741 608 968 653 apostolicus.
1019 606 1172 652 Scripsit

495 667 720 702 Documenta
737 664 842 700 Fidei
1292 664 1353 699 lib.
1373 673 1399 698 1.

493 723 686 769 Evangelii
704 721 939 757 Narrationes
1292 721 1354 755 lib.
1374 729 1400 755 1.

494 780 677 826 Epistulas
696 780 741 814 ad
758 780 919 814 diversos
1291 778 1353 814 lib.
1374 786 1399 812 1.

395 839 533 873 Claruit
560 849 654 872 anno
681 844 785 871 MXI..
812 836 880 871 sub
905 836 1042 882 optimo
1066 847 1150 883 rege
1177 836 1368 870 Malcolmo
1386 834 1435 870 11.
1487 834 1615 870 Latius
1633 834 1689 880 egi
1707 834 1745 868 in

346 895 564 931 successione
582 895 746 930 ecclesiae
763 892 1041 928 Aberdonensis.

807 1067 844 1103 S.
871 1067 1144 1103 BERTINUS.
1198 1069 1278 1102 125.

345 1185 382 1218 S.
403 1184 629 1224 BERTmUS‚
647 1182 756 1218 abbas
775 1182 913 1218 Scotus.
938 1182 1183 1218 Theodericus
1205 1181 1314 1216 abbas
1337 1180 1375 1215 S.
1400 1180 1582 1215 Trudonis
1600 1181 1639 1215 in
1657 1180 1742 1215 Vita

344 1241 382 1275 S.
402 1241 596 1275 Rumoldi:
625 1245 648 1260 “
665 1240 780 1275 Novit
797 1241 864 1275 hoc
890 1241 981 1275 alter
1003 1250 1093 1284 pene
1116 1239 1212 1274 orbis
1236 1238 1542 1279 Britannia,¹cum
1559 1239 1742 1285 adjacente

343 1298 474 1338 Scotia,
491 1297 555 1343 qui
572 1298 697 1332 statim
714 1301 757 1332 ut
774 1297 820 1331 ab
835 1297 933 1331 illius
958 1296 1180 1331 aeternitatis
1197 1297 1271 1330 sole
1287 1295 1374 1330 tacti
1391 1300 1488 1336 sunt,
1511 1295 1563 1329 illi
1580 1296 1649 1330 sub
1665 1306 1744 1329 um-

344 1355 409 1389 bra
426 1355 515 1401 ejus,
533 1365 641 1400 quem
657 1353 918 1394 desiderabant,
936 1354 1166 1399 requiescere,
1184 1353 1246 1388 isti
1262 1353 1308 1387 ad
1326 1353 1489 1387 ardorem
1512 1363 1626 1398 usque
1649 1363 1742 1387 mar-

344 1413 431 1457 tyrii
456 1411 717 1446 festinaverunt
744 1412 963 1452 incalescere,
989 1415 1026 1445 et
1050 1411 1240 1446 stridentia
1265 1410 1540 1456 anhelantiaque
1570 1410 1679 1445 verba
1704 1411 1743 1444 in

343 1471 445 1504 dulce
470 1469 586 1504 crucis
608 1470 718 1503 melos
735 1469 937 1503 didicerunt
959 1467 1166 1515 infringere.
1218 1467 1325 1503 Unde
1346 1473 1467 1503 autem
1490 1469 1558 1503 hoc
1579 1473 1655 1503 tam
1673 1470 1743 1503 late

344 1527 514 1561 diffusum
539 1527 808 1573 germinarium,
830 1526 901 1561 nisi
921 1527 1007 1571 quia
1029 1527 1067 1560 in
1090 1537 1213 1560 eorum
1236 1525 1402 1560 cordibus
1425 1527 1633 1560 coaluerunt
1655 1525 1743 1561 Jesu

345 1584 481 1619 Christi
508 1595 610 1619 amor
635 1589 671 1619 et
694 1584 907 1619 desiderium
924 1584 942 1618 ’ἓ
1006 1583 1170 1618 Assentit
1195 1584 1234 1618 in
1258 1583 1326 1618 hoc
1352 1582 1570 1628 Herbipolis‚
1587 1584 1744 1630 gloriosa

345 1642 514 1687 martyris
532 1641 668 1676 Kiliani
686 1642 824 1676 meritis
841 1645 877 1676 et
892 1652 1048 1686 corpore,
1065 1652 1131 1675 nec
1153 1641 1273 1675 minus
1296 1651 1409 1685 prona
1432 1647 1636 1675 sanctorum
1661 1641 1743 1675 Sco-

346 1704 466 1734 torum
483 1699 622 1738 talium,
635 1703 671 1733 et
688 1703 872 1733 tantorum
888 1703 1033 1743 patrum
1051 1699 1300 1733 veneratione:
1326 1698 1570 1732 Columbanus
1588 1698 1742 1738 Italiam,

346 1756 516 1790 Bertinus
534 1761 570 1789 et
587 1755 761 1789 Winocus
779 1756 962 1789 illustrant
979 1755 1231 1790 occidentalem
1250 1754 1435 1789 Galliam.'’
1486 1755 1610 1790 Vitam
1633 1756 1742 1801 hujus

345 1812 488 1857 scripsit
502 1812 724 1846 Folchardus
736 1812 933 1846 monachus
946 1811 1181 1853 Bertinensis,
1199 1817 1236 1846 et
1252 1813 1376 1847 retulit
1393 1812 1521 1846 Surius
1534 1813 1593 1847 die
1606 1821 1644 1847 V.
1658 1813 1743 1857 Sep-

345 1870 504 1911 tembris,
524 1875 610 1905 tom.
632 1878 670 1904 V.
710 1869 780 1904 Sed
796 1880 861 1903 nec
878 1869 1015 1913 patriae
1032 1870 1102 1910 ille,
1120 1880 1185 1904 nec
1201 1875 1391 1914 parentum
1409 1870 1626 1904 mentionem
1644 1870 1741 1905 facit.

345 1927 560 1971 Anonymus
574 1928 671 1972 apud
683 1927 847 1967 eundem,
861 1927 918 1960 die
932 1936 989 1961 IX.
1004 1926 1233 1972 Septembris,
1247 1927 1286 1961 in
1298 1926 1386 1962 Vita
1399 1926 1435 1961 S.
1450 1926 1651 1962 Audomari
1664 1939 1740 1973 cap.

346 1994 434 2019 XIX.
454 1996 534 2019 eum
553 1985 769 2021 monasterio
786 1984 958 2019 Sithiensi
975 1984 1021 2019 ab
1036 1985 1160 2019 eodem
1177 1983 1388 2019 Audomaro
1401 1985 1645 2029 praepositum
1657 1987 1742 2020 scri-

346 2044 410 2077 bit.
462 2041 678 2088 Anonymus
702 2043 793 2076 alter
816 2042 855 2076 in
878 2042 955 2077 vita
978 2042 1014 2077 S.
1041 2041 1183 2076 Winoci
1207 2043 1302 2087 apud
1325 2041 1472 2076 Surium
1496 2046 1582 2076 tom.
1606 2051 1660 2077 v1.
1684 2044 1741 2077 die

345 2109 399 2134 VI.
419 2099 633 2134 Novembris
650 2101 754 2145 plene
770 2100 903 2134 laudat.
955 2104 979 2119 “
997 2099 1041 2134 In
1059 2099 1285 2134 Morinorum
1302 2111 1366 2134 seu
1385 2098 1665 2134 Tarranensium
1688 2112 1742 2135 re-

345 2158 450 2203 gione
474 2157 608 2191 Beatus
636 2156 807 2192 Bertinus
832 2157 872 2191 in
898 2161 1106 2191 ornamento
1132 2157 1296 2191 ecclesiae
1321 2156 1389 2191 Dei
1408 2162 1485 2191 erat
1501 2157 1592 2202 lapis
1609 2158 1741 2202 pretio-

346 2226 418 2249 sus.
473 2214 517 2249 In
543 2214 663 2249 Sithin
688 2215 905 2249 monasterio
934 2214 1062 2249 merito
1091 2219 1128 2249 et
1156 2214 1270 2249 officio
1298 2214 1419 2255 abbas,
1452 2214 1510 2249 hic
1540 2216 1740 2250 sanctitatis

346 2284 431 2307 suae
449 2266 610 2307 aromata
626 2273 731 2318 longe
747 2272 888 2317 lateque
906 2272 1135 2317 spiraverat.”
1188 2272 1366 2307 Trithem.
1385 2272 1445 2307 lib.
1462 2281 1523 2307 111.
1541 2273 1585 2307 de
1603 2272 1681 2308 Vir.
1700 2274 1742 2307 il-

346 2332 448 2364 lustr.
468 2329 595 2363 Ordin.
615 2328 651 2363 S.
671 2328 858 2364 Benedicti
877 2340 953 2374 cap.
972 2338 1036 2364 cv,
1240 2332 1247 2338 '

395 2387 450 2422 De
476 2392 600 2422 exacta
624 2388 768 2433 regulae
794 2386 829 2421 S.
857 2386 997 2422 Bet-tini
1022 2387 1279 2428 observatione,
1297 2387 1344 2423 D.
1365 2388 1539 2423 Bernardi
1561 2389 1740 2434 praeclara

347 2450 470 2480 extant
500 2445 659 2479 encomia
687 2444 847 2489 epistolis
877 2453 989 2479 cxm.
1020 2453 1149 2480 cxmt.
1177 2454 1325 2481 eme.
1352 2455 1493 2481 cxmv,
1558 2446 1741 2481 Recolitur
