<?xml version="1.0" encoding="UTF-8"?>
<!DOCTYPE html PUBLIC "-//W3C//DTD XHTML 1.0 Transitional//EN"
    "http://www.w3.org/TR/xhtml1/DTD/xhtml1-transitional.dtd">
<html xmlns="http://www.w3.org/1999/xhtml" xml:lang="en" lang="en">
 <head>
  <title>
</title>
<meta http-equiv="Content-Type" content="text/html;charset=utf-8" />
  <meta name='ocr-system' content='tesseract 3.04.00' />
  <meta name='ocr-capabilities' content='ocr_page ocr_carea ocr_par ocr_line ocrx_word'/>
</head>
<body>
  <div class='ocr_page' id='page_1' title='image "./thomaedempste2101dempuoft_0121.png"; bbox 0 0 2032 2912; ppageno 0'>
   <div class='ocr_carea' id='block_1_1' title="bbox 713 346 1739 390">
    <p class='ocr_par' dir='ltr' id='par_1_1' title="bbox 713 346 1739 390">
     <span class='ocr_line' id='line_1_1' title="bbox 713 346 1739 390; baseline -0.009 -4"><span class='ocrx_word' id='word_1_1' title='bbox 713 352 890 386; x_wconf 86' lang='lat' dir='ltr'>GENTIS</span> <span class='ocrx_word' id='word_1_2' title='bbox 914 349 1192 390; x_wconf 83' lang='lat' dir='ltr'><strong>SCOTORUM,</strong></span> <span class='ocrx_word' id='word_1_3' title='bbox 1217 348 1305 382; x_wconf 86' lang='lat' dir='ltr'>LIB.</span> <span class='ocrx_word' id='word_1_4' title='bbox 1330 348 1356 380; x_wconf 91' lang='grc' dir='ltr'>Ι.</span> <span class='ocrx_word' id='word_1_5' title='bbox 1696 346 1739 377; x_wconf 84' lang='grc'>59</span> 
     </span>
    </p>
   </div>
   <div class='ocr_carea' id='block_1_2' title="bbox 720 501 1355 538">
    <p class='ocr_par' dir='ltr' id='par_1_2' title="bbox 720 501 1355 538">
     <span class='ocr_line' id='line_1_2' title="bbox 720 501 1355 538; baseline -0.003 0"><span class='ocrx_word' id='word_1_6' title='bbox 720 501 1008 538; x_wconf 84' lang='lat' dir='ltr'><strong>ANONYMUS</strong></span> <span class='ocrx_word' id='word_1_7' title='bbox 1034 501 1218 537; x_wconf 83' lang='lat' dir='ltr'><strong>POETA.</strong></span> <span class='ocrx_word' id='word_1_8' title='bbox 1273 503 1355 537; x_wconf 77' lang='lat'>108.</span> 
     </span>
    </p>
   </div>
   <div class='ocr_carea' id='block_1_3' title="bbox 342 614 1737 664">
    <p class='ocr_par' dir='ltr' id='par_1_3' title="bbox 342 614 1737 664">
     <span class='ocr_line' id='line_1_3' title="bbox 342 614 1737 664; baseline -0.005 -5"><span class='ocrx_word' id='word_1_9' title='bbox 342 623 393 659; x_wconf 73' lang='lat' dir='ltr'>IN</span> <span class='ocrx_word' id='word_1_10' title='bbox 410 622 530 658; x_wconf 85' lang='lat' dir='ltr'>eadem</span> <span class='ocrx_word' id='word_1_11' title='bbox 548 618 760 656; x_wconf 78' lang='lat' dir='ltr'>bibliotheca</span> <span class='ocrx_word' id='word_1_12' title='bbox 777 620 982 652; x_wconf 84' lang='lat' dir='ltr'><strong>asservatur</strong></span> <span class='ocrx_word' id='word_1_13' title='bbox 999 615 1078 650; x_wconf 90' lang='lat' dir='ltr'>MS.</span> <span class='ocrx_word' id='word_1_14' title='bbox 1098 616 1267 662; x_wconf 88' lang='lat' dir='ltr'><strong>anonymi</strong></span> <span class='ocrx_word' id='word_1_15' title='bbox 1281 616 1466 663; x_wconf 87' lang='lat' dir='ltr'>cujusdam</span> <span class='ocrx_word' id='word_1_16' title='bbox 1480 614 1577 652; x_wconf 90' lang='lat' dir='ltr'>Scoti</span> <span class='ocrx_word' id='word_1_17' title='bbox 1596 616 1737 664; x_wconf 80' lang='lat' dir='ltr'>elegans</span> 
     </span>
    </p>
   </div>
   <div class='ocr_carea' id='block_1_4' title="bbox 341 680 634 726">
    <p class='ocr_par' dir='ltr' id='par_1_4' title="bbox 341 680 634 726">
     <span class='ocr_line' id='line_1_4' title="bbox 341 680 634 726; baseline -0.01 -11"><span class='ocrx_word' id='word_1_18' title='bbox 341 680 480 726; x_wconf 85' lang='lat' dir='ltr'>epicum</span> <span class='ocrx_word' id='word_1_19' title='bbox 498 688 634 723; x_wconf 81' lang='lat' dir='ltr'>poema,</span> 
     </span>
    </p>
   </div>
   <div class='ocr_carea' id='block_1_5' title="bbox 489 729 1644 883">
    <p class='ocr_par' dir='ltr' id='par_1_5' title="bbox 489 729 1644 883">
     <span class='ocr_line' id='line_1_5' title="bbox 489 729 1644 777; baseline -0.004 -6"><span class='ocrx_word' id='word_1_20' title='bbox 489 734 746 771; x_wconf 81' lang='lat' dir='ltr'>Genethliacon</span> <span class='ocrx_word' id='word_1_21' title='bbox 765 731 943 777; x_wconf 86' lang='lat' dir='ltr'>Principis</span> <span class='ocrx_word' id='word_1_22' title='bbox 959 729 1159 766; x_wconf 83' lang='lat' dir='ltr'>Alexandri</span> <span class='ocrx_word' id='word_1_23' title='bbox 1175 729 1200 765; x_wconf 87' lang='lat' dir='ltr'><strong>J</strong></span> <span class='ocrx_word' id='word_1_24' title='bbox 1201 730 1266 765; x_wconf 89' lang='lat' dir='ltr'>ulii</span> <span class='ocrx_word' id='word_1_25' title='bbox 1283 730 1345 766; x_wconf 88' lang='lat' dir='ltr'>lib.</span> <span class='ocrx_word' id='word_1_26' title='bbox 1365 740 1391 766; x_wconf 81' lang='lat'>1.</span> <span class='ocrx_word' id='word_1_27' title='bbox 1408 740 1503 766; x_wconf 85' lang='lat' dir='ltr'>anno</span> <span class='ocrx_word' id='word_1_28' title='bbox 1524 740 1644 770; x_wconf 73' lang='lat' dir='ltr'>MDLI.</span> 
     </span>
     <span class='ocr_line' id='line_1_6' title="bbox 636 844 1445 883; baseline -0.004 0"><span class='ocrx_word' id='word_1_29' title='bbox 636 845 925 883; x_wconf 88' lang='lat' dir='ltr'>ANONYMUS</span> <span class='ocrx_word' id='word_1_30' title='bbox 949 844 1307 881; x_wconf 84' lang='lat' dir='ltr'><strong>GEOGRAPHUS.</strong></span> <span class='ocrx_word' id='word_1_31' title='bbox 1362 846 1445 880; x_wconf 82' lang='lat'>104.</span> 
     </span>
    </p>
   </div>
   <div class='ocr_carea' id='block_1_6' title="bbox 342 959 1736 1184">
    <p class='ocr_par' dir='ltr' id='par_1_6' title="bbox 342 959 1735 1068">
     <span class='ocr_line' id='line_1_7' title="bbox 342 959 1735 1006; baseline -0.002 -5"><span class='ocrx_word' id='word_1_32' title='bbox 342 966 540 1004; x_wconf 71' lang='lat' dir='ltr'><strong>DEMQUE</strong></span> <span class='ocrx_word' id='word_1_33' title='bbox 566 965 605 999; x_wconf 89' lang='lat' dir='ltr'>in</span> <span class='ocrx_word' id='word_1_34' title='bbox 630 963 752 998; x_wconf 82' lang='lat' dir='ltr'>eadem</span> <span class='ocrx_word' id='word_1_35' title='bbox 777 961 990 996; x_wconf 80' lang='lat' dir='ltr'>bibliotheca</span> <span class='ocrx_word' id='word_1_36' title='bbox 1014 959 1185 1006; x_wconf 78' lang='lat' dir='ltr'><strong>anonymi</strong></span> <span class='ocrx_word' id='word_1_37' title='bbox 1211 960 1307 996; x_wconf 86' lang='lat' dir='ltr'>Scoti</span> <span class='ocrx_word' id='word_1_38' title='bbox 1333 965 1498 996; x_wconf 83' lang='lat' dir='ltr'>servatur</span> <span class='ocrx_word' id='word_1_39' title='bbox 1523 960 1633 996; x_wconf 84' lang='lat' dir='ltr'><strong>codex</strong></span> <span class='ocrx_word' id='word_1_40' title='bbox 1657 962 1735 998; x_wconf 88' lang='lat' dir='ltr'>MS.</span> 
     </span>
     <span class='ocr_line' id='line_1_8' title="bbox 343 1018 1136 1068; baseline -0.009 -9"><span class='ocrx_word' id='word_1_41' title='bbox 343 1024 410 1059; x_wconf 89' lang='lat' dir='ltr'>sub</span> <span class='ocrx_word' id='word_1_42' title='bbox 426 1023 543 1064; x_wconf 89' lang='lat' dir='ltr'>titulo,</span> <span class='ocrx_word' id='word_1_43' title='bbox 562 1020 809 1068; x_wconf 82' lang='lat' dir='ltr'>Geographiae</span> <span class='ocrx_word' id='word_1_44' title='bbox 826 1018 1006 1064; x_wconf 88' lang='lat' dir='ltr'>Epitome‚</span> <span class='ocrx_word' id='word_1_45' title='bbox 1028 1018 1090 1053; x_wconf 89' lang='lat' dir='ltr'>lib.</span> <span class='ocrx_word' id='word_1_46' title='bbox 1109 1027 1136 1053; x_wconf 92' lang='lat'>1.</span> 
     </span>
    </p>

    <p class='ocr_par' dir='ltr' id='par_1_7' title="bbox 344 1074 1736 1184">
     <span class='ocr_line' id='line_1_9' title="bbox 392 1074 1736 1125; baseline -0.003 -9"><span class='ocrx_word' id='word_1_47' title='bbox 392 1080 532 1115; x_wconf 85' lang='lat' dir='ltr'><strong>Auctor</strong></span> <span class='ocrx_word' id='word_1_48' title='bbox 555 1078 718 1125; x_wconf 85' lang='lat' dir='ltr'>quisquis</span> <span class='ocrx_word' id='word_1_49' title='bbox 743 1077 825 1117; x_wconf 85' lang='lat' dir='ltr'>fuit,</span> <span class='ocrx_word' id='word_1_50' title='bbox 851 1087 941 1121; x_wconf 79' lang='lat' dir='ltr'>opus</span> <span class='ocrx_word' id='word_1_51' title='bbox 965 1085 1051 1110; x_wconf 87' lang='lat' dir='ltr'>sane</span> <span class='ocrx_word' id='word_1_52' title='bbox 1076 1075 1237 1122; x_wconf 80' lang='lat' dir='ltr'>Reginae</span> <span class='ocrx_word' id='word_1_53' title='bbox 1262 1074 1412 1117; x_wconf 86' lang='lat' dir='ltr'>Mariae,</span> <span class='ocrx_word' id='word_1_54' title='bbox 1438 1076 1524 1111; x_wconf 87' lang='lat' dir='ltr'>dum</span> <span class='ocrx_word' id='word_1_55' title='bbox 1548 1077 1587 1112; x_wconf 90' lang='lat' dir='ltr'>in</span> <span class='ocrx_word' id='word_1_56' title='bbox 1610 1077 1736 1112; x_wconf 85' lang='lat' dir='ltr'>Galliis</span> 
     </span>
     <span class='ocr_line' id='line_1_10' title="bbox 344 1132 1676 1184; baseline -0.002 -11"><span class='ocrx_word' id='word_1_57' title='bbox 344 1144 476 1184; x_wconf 83' lang='lat' dir='ltr'>ageret,</span> <span class='ocrx_word' id='word_1_58' title='bbox 493 1147 659 1183; x_wconf 83' lang='lat' dir='ltr'>praesens</span> <span class='ocrx_word' id='word_1_59' title='bbox 677 1135 819 1174; x_wconf 84' lang='lat' dir='ltr'>obtulit,</span> <span class='ocrx_word' id='word_1_60' title='bbox 836 1134 989 1179; x_wconf 86' lang='lat' dir='ltr'>indeque</span> <span class='ocrx_word' id='word_1_61' title='bbox 1005 1134 1044 1167; x_wconf 92' lang='lat' dir='ltr'>in</span> <span class='ocrx_word' id='word_1_62' title='bbox 1061 1132 1217 1168; x_wconf 85' lang='lat' dir='ltr'>Scotiam</span> <span class='ocrx_word' id='word_1_63' title='bbox 1235 1134 1440 1174; x_wconf 80' lang='lat' dir='ltr'>translatus,</span> <span class='ocrx_word' id='word_1_64' title='bbox 1459 1144 1554 1169; x_wconf 83' lang='lat' dir='ltr'><strong>anno</strong></span> <span class='ocrx_word' id='word_1_65' title='bbox 1573 1143 1676 1170; x_wconf 78' lang='lat' dir='ltr'><strong>MDL-</strong></span> 
     </span>
    </p>
   </div>
   <div class='ocr_carea' id='block_1_7' title="bbox 655 1246 1427 1283">
    <p class='ocr_par' dir='ltr' id='par_1_8' title="bbox 655 1246 1427 1283">
     <span class='ocr_line' id='line_1_11' title="bbox 655 1246 1427 1283; baseline -0.001 0"><span class='ocrx_word' id='word_1_66' title='bbox 655 1247 942 1283; x_wconf 88' lang='lat' dir='ltr'><strong>ANONYMUS</strong></span> <span class='ocrx_word' id='word_1_67' title='bbox 967 1246 1290 1282; x_wconf 85' lang='lat' dir='ltr'>THEOLOGUS.</span> <span class='ocrx_word' id='word_1_68' title='bbox 1345 1250 1427 1282; x_wconf 90' lang='lat'>105.</span> 
     </span>
    </p>
   </div>
   <div class='ocr_carea' id='block_1_8' title="bbox 342 1362 1740 1629">
    <p class='ocr_par' dir='ltr' id='par_1_9' title="bbox 342 1362 1740 1629">
     <span class='ocr_line' id='line_1_12' title="bbox 343 1362 1738 1409; baseline 0 -9"><span class='ocrx_word' id='word_1_69' title='bbox 343 1366 443 1400; x_wconf 77' lang='lat' dir='ltr'>DUM</span> <span class='ocrx_word' id='word_1_70' title='bbox 460 1364 579 1399; x_wconf 82' lang='lat' dir='ltr'>fatalis</span> <span class='ocrx_word' id='word_1_71' title='bbox 596 1363 659 1398; x_wconf 86' lang='lat' dir='ltr'>illa</span> <span class='ocrx_word' id='word_1_72' title='bbox 680 1363 873 1398; x_wconf 81' lang='lat' dir='ltr'>mutandae</span> <span class='ocrx_word' id='word_1_73' title='bbox 895 1362 1079 1409; x_wconf 87' lang='lat' dir='ltr'><strong>religionis</strong></span> <span class='ocrx_word' id='word_1_74' title='bbox 1102 1362 1220 1396; x_wconf 83' lang='lat' dir='ltr'>avitae</span> <span class='ocrx_word' id='word_1_75' title='bbox 1243 1362 1369 1403; x_wconf 87' lang='lat' dir='ltr'>clades,</span> <span class='ocrx_word' id='word_1_76' title='bbox 1394 1367 1431 1397; x_wconf 89' lang='lat' dir='ltr'>et</span> <span class='ocrx_word' id='word_1_77' title='bbox 1453 1362 1637 1399; x_wconf 86' lang='lat' dir='ltr'>haereseos</span> <span class='ocrx_word' id='word_1_78' title='bbox 1663 1365 1738 1400; x_wconf 88' lang='lat' dir='ltr'><strong>An-</strong></span> 
     </span>
     <span class='ocr_line' id='line_1_13' title="bbox 342 1419 1739 1468; baseline 0.001 -11"><span class='ocrx_word' id='word_1_79' title='bbox 342 1422 417 1468; x_wconf 84' lang='lat' dir='ltr'>glia</span> <span class='ocrx_word' id='word_1_80' title='bbox 432 1422 551 1456; x_wconf 84' lang='lat' dir='ltr'>illatae</span> <span class='ocrx_word' id='word_1_81' title='bbox 573 1421 726 1466; x_wconf 88' lang='lat' dir='ltr'>procella</span> <span class='ocrx_word' id='word_1_82' title='bbox 742 1421 847 1467; x_wconf 83' lang='lat' dir='ltr'>longe</span> <span class='ocrx_word' id='word_1_83' title='bbox 863 1420 1004 1465; x_wconf 81' lang='lat' dir='ltr'>lateque</span> <span class='ocrx_word' id='word_1_84' title='bbox 1020 1419 1206 1454; x_wconf 86' lang='lat' dir='ltr'>detonaret</span> <span class='ocrx_word' id='word_1_85' title='bbox 1222 1422 1260 1454; x_wconf 90' lang='lat' dir='ltr'>in</span> <span class='ocrx_word' id='word_1_86' title='bbox 1274 1419 1403 1461; x_wconf 82' lang='lat' dir='ltr'>scotia,</span> <span class='ocrx_word' id='word_1_87' title='bbox 1417 1421 1573 1455; x_wconf 89' lang='lat' dir='ltr'>multum</span> <span class='ocrx_word' id='word_1_88' title='bbox 1587 1432 1624 1456; x_wconf 87' lang='lat' dir='ltr'>se</span> <span class='ocrx_word' id='word_1_89' title='bbox 1638 1426 1739 1458; x_wconf 89' lang='lat' dir='ltr'>tanto</span> 
     </span>
     <span class='ocr_line' id='line_1_14' title="bbox 343 1475 1740 1524; baseline 0 -10"><span class='ocrx_word' id='word_1_90' title='bbox 343 1479 458 1514; x_wconf 85' lang='lat' dir='ltr'>furori</span> <span class='ocrx_word' id='word_1_91' title='bbox 481 1479 532 1524; x_wconf 90' lang='lat' dir='ltr'>pii</span> <span class='ocrx_word' id='word_1_92' title='bbox 550 1479 715 1523; x_wconf 88' lang='lat' dir='ltr'>doctique</span> <span class='ocrx_word' id='word_1_93' title='bbox 732 1477 802 1512; x_wconf 87' lang='lat' dir='ltr'>viri</span> <span class='ocrx_word' id='word_1_94' title='bbox 820 1480 1073 1522; x_wconf 85' lang='lat' dir='ltr'>opposuerunt.</span> <span class='ocrx_word' id='word_1_95' title='bbox 1126 1475 1171 1510; x_wconf 92' lang='lat' dir='ltr'><strong>In</strong></span> <span class='ocrx_word' id='word_1_96' title='bbox 1187 1476 1243 1511; x_wconf 87' lang='lat' dir='ltr'>his</span> <span class='ocrx_word' id='word_1_97' title='bbox 1266 1486 1467 1523; x_wconf 87' lang='lat' dir='ltr'><strong>anonymus</strong></span> <span class='ocrx_word' id='word_1_98' title='bbox 1490 1478 1628 1520; x_wconf 90' lang='lat' dir='ltr'>Scotus,</span> <span class='ocrx_word' id='word_1_99' title='bbox 1653 1491 1740 1514; x_wconf 90' lang='lat' dir='ltr'>non-</span> 
     </span>
     <span class='ocr_line' id='line_1_15' title="bbox 346 1533 1738 1585; baseline 0.001 -15"><span class='ocrx_word' id='word_1_100' title='bbox 346 1537 436 1571; x_wconf 87' lang='lat' dir='ltr'>nulli</span> <span class='ocrx_word' id='word_1_101' title='bbox 462 1535 817 1585; x_wconf 25' lang='lat' dir='ltr'>Jacobum1Tyrium</span> <span class='ocrx_word' id='word_1_102' title='bbox 842 1538 1022 1568; x_wconf 84' lang='lat' dir='ltr'><strong>auctorem</strong></span> <span class='ocrx_word' id='word_1_103' title='bbox 1048 1533 1196 1575; x_wconf 86' lang='lat' dir='ltr'>faciunt,</span> <span class='ocrx_word' id='word_1_104' title='bbox 1221 1534 1401 1569; x_wconf 91' lang='lat' dir='ltr'>luculento</span> <span class='ocrx_word' id='word_1_105' title='bbox 1426 1539 1462 1570; x_wconf 87' lang='lat' dir='ltr'>et</span> <span class='ocrx_word' id='word_1_106' title='bbox 1487 1536 1627 1571; x_wconf 87' lang='lat' dir='ltr'>erudito</span> <span class='ocrx_word' id='word_1_107' title='bbox 1645 1539 1738 1582; x_wconf 89' lang='lat' dir='ltr'>stylo</span> 
     </span>
     <span class='ocr_line' id='line_1_16' title="bbox 344 1590 1476 1629; baseline -0.001 -1"><span class='ocrx_word' id='word_1_108' title='bbox 344 1594 454 1629; x_wconf 85' lang='lat' dir='ltr'>edidit</span> <span class='ocrx_word' id='word_1_109' title='bbox 473 1593 672 1628; x_wconf 83' lang='lat' dir='ltr'>Historiam</span> <span class='ocrx_word' id='word_1_110' title='bbox 691 1591 870 1627; x_wconf 84' lang='lat' dir='ltr'>Ecclesiae</span> <span class='ocrx_word' id='word_1_111' title='bbox 886 1590 1025 1626; x_wconf 78' lang='lat' dir='ltr'>Scotiae</span> <span class='ocrx_word' id='word_1_112' title='bbox 1041 1591 1103 1626; x_wconf 91' lang='lat' dir='ltr'>lib.</span> <span class='ocrx_word' id='word_1_113' title='bbox 1123 1601 1148 1626; x_wconf 90' lang='lat'>1.</span> <span class='ocrx_word' id='word_1_114' title='bbox 1167 1602 1261 1626; x_wconf 86' lang='lat' dir='ltr'><strong>anno</strong></span> <span class='ocrx_word' id='word_1_115' title='bbox 1280 1600 1476 1627; x_wconf 85' lang='lat' dir='ltr'><strong>MDLxxv.</strong></span> 
     </span>
    </p>
   </div>
   <div class='ocr_carea' id='block_1_9' title="bbox 657 1704 1424 1741">
    <p class='ocr_par' dir='ltr' id='par_1_10' title="bbox 657 1704 1424 1741">
     <span class='ocr_line' id='line_1_17' title="bbox 657 1704 1424 1741; baseline -0.001 0"><span class='ocrx_word' id='word_1_116' title='bbox 657 1705 945 1741; x_wconf 89' lang='lat' dir='ltr'>ANONYMUS</span> <span class='ocrx_word' id='word_1_117' title='bbox 972 1704 1288 1740; x_wconf 84' lang='lat' dir='ltr'>HISTORICUS.</span> <span class='ocrx_word' id='word_1_118' title='bbox 1342 1705 1424 1740; x_wconf 90' lang='lat'>106.</span> 
     </span>
    </p>
   </div>
   <div class='ocr_carea' id='block_1_10' title="bbox 347 1819 1742 2210">
    <p class='ocr_par' dir='ltr' id='par_1_11' title="bbox 347 1819 1742 2210">
     <span class='ocr_line' id='line_1_18' title="bbox 347 1819 1739 1868; baseline 0.001 -12"><span class='ocrx_word' id='word_1_119' title='bbox 347 1822 489 1856; x_wconf 68' lang='lat' dir='ltr'>conns</span> <span class='ocrx_word' id='word_1_120' title='bbox 510 1820 665 1856; x_wconf 86' lang='lat' dir='ltr'>Gauriae</span> <span class='ocrx_word' id='word_1_121' title='bbox 682 1831 764 1855; x_wconf 93' lang='lat' dir='ltr'>cum</span> <span class='ocrx_word' id='word_1_122' title='bbox 781 1819 988 1854; x_wconf 88' lang='lat' dir='ltr'>Alexandro</span> <span class='ocrx_word' id='word_1_123' title='bbox 1015 1819 1209 1855; x_wconf 82' lang='lat' dir='ltr'>Ruthveno</span> <span class='ocrx_word' id='word_1_124' title='bbox 1231 1820 1354 1860; x_wconf 82' lang='lat' dir='ltr'>fratre,</span> <span class='ocrx_word' id='word_1_125' title='bbox 1378 1826 1459 1865; x_wconf 89' lang='lat' dir='ltr'>post</span> <span class='ocrx_word' id='word_1_126' title='bbox 1483 1823 1739 1868; x_wconf 82' lang='lat' dir='ltr'>peregrinatio-</span> 
     </span>
     <span class='ocr_line' id='line_1_19' title="bbox 347 1876 1739 1922; baseline 0.001 -9"><span class='ocrx_word' id='word_1_127' title='bbox 347 1890 429 1913; x_wconf 87' lang='lat' dir='ltr'>nem</span> <span class='ocrx_word' id='word_1_128' title='bbox 454 1878 627 1913; x_wconf 85' lang='lat' dir='ltr'>Gallicam</span> <span class='ocrx_word' id='word_1_129' title='bbox 651 1877 894 1922; x_wconf 85' lang='lat' dir='ltr'>Italicamque,</span> <span class='ocrx_word' id='word_1_130' title='bbox 916 1877 956 1911; x_wconf 90' lang='lat' dir='ltr'>in</span> <span class='ocrx_word' id='word_1_131' title='bbox 979 1876 1134 1912; x_wconf 85' lang='lat' dir='ltr'>Scotiam</span> <span class='ocrx_word' id='word_1_132' title='bbox 1152 1877 1268 1918; x_wconf 88' lang='lat' dir='ltr'>rediit,</span> <span class='ocrx_word' id='word_1_133' title='bbox 1292 1877 1415 1912; x_wconf 83' lang='lat' dir='ltr'>habito</span> <span class='ocrx_word' id='word_1_134' title='bbox 1432 1879 1633 1913; x_wconf 88' lang='lat' dir='ltr'>clanculum</span> <span class='ocrx_word' id='word_1_135' title='bbox 1658 1890 1739 1915; x_wconf 84' lang='lat' dir='ltr'>cum</span> 
     </span>
     <span class='ocr_line' id='line_1_20' title="bbox 348 1934 1740 1984; baseline 0.001 -14"><span class='ocrx_word' id='word_1_136' title='bbox 348 1935 562 1970; x_wconf 79' lang='lat' dir='ltr'>Elizabetha</span> <span class='ocrx_word' id='word_1_137' title='bbox 586 1935 742 1982; x_wconf 84' lang='lat' dir='ltr'>Angliae</span> <span class='ocrx_word' id='word_1_138' title='bbox 767 1935 891 1981; x_wconf 88' lang='lat' dir='ltr'>regina</span> <span class='ocrx_word' id='word_1_139' title='bbox 916 1935 1101 1979; x_wconf 90' lang='lat' dir='ltr'>colloquio.</span> <span class='ocrx_word' id='word_1_140' title='bbox 1154 1934 1190 1968; x_wconf 86' lang='lat' dir='ltr'>Is</span> <span class='ocrx_word' id='word_1_141' title='bbox 1215 1934 1391 1969; x_wconf 85' lang='lat' dir='ltr'>nefarium</span> <span class='ocrx_word' id='word_1_142' title='bbox 1418 1936 1620 1970; x_wconf 86' lang='lat' dir='ltr'>trucidandi</span> <span class='ocrx_word' id='word_1_143' title='bbox 1646 1939 1740 1984; x_wconf 85' lang='lat' dir='ltr'>regis</span> 
     </span>
     <span class='ocr_line' id='line_1_21' title="bbox 349 1991 1740 2041; baseline 0.001 -14"><span class='ocrx_word' id='word_1_144' title='bbox 349 1993 535 2028; x_wconf 91' lang='lat' dir='ltr'>consilium</span> <span class='ocrx_word' id='word_1_145' title='bbox 554 1993 646 2033; x_wconf 86' lang='lat' dir='ltr'>iniit,</span> <span class='ocrx_word' id='word_1_146' title='bbox 664 1993 725 2027; x_wconf 91' lang='lat' dir='ltr'>sed</span> <span class='ocrx_word' id='word_1_147' title='bbox 742 1991 928 2026; x_wconf 87' lang='lat' dir='ltr'>destinatis</span> <span class='ocrx_word' id='word_1_148' title='bbox 946 1992 1069 2026; x_wconf 85' lang='lat' dir='ltr'>divina</span> <span class='ocrx_word' id='word_1_149' title='bbox 1091 1992 1316 2036; x_wconf 87' lang='lat' dir='ltr'>providentia</span> <span class='ocrx_word' id='word_1_150' title='bbox 1338 2002 1486 2027; x_wconf 85' lang='lat' dir='ltr'>excusso</span> <span class='ocrx_word' id='word_1_151' title='bbox 1507 1994 1579 2034; x_wconf 89' lang='lat' dir='ltr'>illo,</span> <span class='ocrx_word' id='word_1_152' title='bbox 1604 1999 1641 2028; x_wconf 87' lang='lat' dir='ltr'>et</span> <span class='ocrx_word' id='word_1_153' title='bbox 1665 1996 1740 2041; x_wconf 88' lang='lat' dir='ltr'>regi</span> 
     </span>
     <span class='ocr_line' id='line_1_22' title="bbox 351 2049 1741 2097; baseline 0.001 -13"><span class='ocrx_word' id='word_1_154' title='bbox 351 2051 576 2085; x_wconf 85' lang='lat' dir='ltr'>incolumitas</span> <span class='ocrx_word' id='word_1_155' title='bbox 602 2050 772 2090; x_wconf 87' lang='lat' dir='ltr'>constitit,</span> <span class='ocrx_word' id='word_1_156' title='bbox 798 2054 835 2084; x_wconf 89' lang='lat' dir='ltr'>et</span> <span class='ocrx_word' id='word_1_157' title='bbox 860 2050 1009 2094; x_wconf 86' lang='lat' dir='ltr'>capitale</span> <span class='ocrx_word' id='word_1_158' title='bbox 1034 2049 1248 2094; x_wconf 87' lang='lat' dir='ltr'>supplicium</span> <span class='ocrx_word' id='word_1_159' title='bbox 1276 2049 1320 2084; x_wconf 89' lang='lat' dir='ltr'>de</span> <span class='ocrx_word' id='word_1_160' title='bbox 1349 2050 1590 2094; x_wconf 84' lang='lat' dir='ltr'>proditoribus</span> <span class='ocrx_word' id='word_1_161' title='bbox 1620 2063 1741 2097; x_wconf 88' lang='lat' dir='ltr'>sump-</span> 
     </span>
     <span class='ocr_line' id='line_1_23' title="bbox 349 2107 1742 2153; baseline 0.001 -12"><span class='ocrx_word' id='word_1_162' title='bbox 349 2112 438 2141; x_wconf 86' lang='lat' dir='ltr'>tum.</span> <span class='ocrx_word' id='word_1_163' title='bbox 492 2107 613 2153; x_wconf 89' lang='lat' dir='ltr'>Hujus</span> <span class='ocrx_word' id='word_1_164' title='bbox 631 2107 682 2142; x_wconf 88' lang='lat' dir='ltr'>rei</span> <span class='ocrx_word' id='word_1_165' title='bbox 699 2111 742 2141; x_wconf 89' lang='lat' dir='ltr'>ut</span> <span class='ocrx_word' id='word_1_166' title='bbox 758 2111 859 2153; x_wconf 87' lang='lat' dir='ltr'>gesta</span> <span class='ocrx_word' id='word_1_167' title='bbox 876 2111 952 2141; x_wconf 86' lang='lat' dir='ltr'>erat</span> <span class='ocrx_word' id='word_1_168' title='bbox 969 2107 1156 2141; x_wconf 88' lang='lat' dir='ltr'>historiam</span> <span class='ocrx_word' id='word_1_169' title='bbox 1180 2116 1379 2152; x_wconf 84' lang='lat' dir='ltr'><strong>anonymus</strong></span> <span class='ocrx_word' id='word_1_170' title='bbox 1403 2109 1559 2143; x_wconf 87' lang='lat' dir='ltr'>contexit</span> <span class='ocrx_word' id='word_1_171' title='bbox 1583 2109 1649 2143; x_wconf 87' lang='lat' dir='ltr'>sub</span> <span class='ocrx_word' id='word_1_172' title='bbox 1672 2111 1742 2143; x_wconf 84' lang='lat' dir='ltr'>elo-</span> 
     </span>
     <span class='ocr_line' id='line_1_24' title="bbox 349 2161 1309 2210; baseline 0 -12"><span class='ocrx_word' id='word_1_173' title='bbox 349 2164 419 2210; x_wconf 85' lang='lat' dir='ltr'>gio,</span> <span class='ocrx_word' id='word_1_174' title='bbox 438 2162 708 2199; x_wconf 78' lang='lat' dir='ltr'>Ruthvenorum</span> <span class='ocrx_word' id='word_1_175' title='bbox 728 2161 938 2209; x_wconf 81' lang='lat' dir='ltr'>Conjuratio</span> <span class='ocrx_word' id='word_1_176' title='bbox 954 2163 1015 2198; x_wconf 88' lang='lat' dir='ltr'>lib.</span> <span class='ocrx_word' id='word_1_177' title='bbox 1036 2172 1060 2198; x_wconf 92' lang='lat'>1.</span> <span class='ocrx_word' id='word_1_178' title='bbox 1080 2174 1174 2199; x_wconf 84' lang='lat' dir='ltr'>anno</span> <span class='ocrx_word' id='word_1_179' title='bbox 1193 2171 1309 2198; x_wconf 77' lang='lat' dir='ltr'>MDCI.</span> 
     </span>
    </p>
   </div>
   <div class='ocr_carea' id='block_1_11' title="bbox 412 2277 1686 2318">
    <p class='ocr_par' dir='ltr' id='par_1_12' title="bbox 412 2277 1686 2318">
     <span class='ocr_line' id='line_1_25' title="bbox 412 2277 1686 2318; baseline 0.002 -6"><span class='ocrx_word' id='word_1_180' title='bbox 412 2277 698 2313; x_wconf 87' lang='lat' dir='ltr'><strong>ANONYMUS</strong></span> <span class='ocrx_word' id='word_1_181' title='bbox 723 2277 933 2313; x_wconf 89' lang='lat' dir='ltr'><strong>AUCTOR</strong></span> <span class='ocrx_word' id='word_1_182' title='bbox 956 2277 1214 2313; x_wconf 91' lang='grc' dir='ltr'><strong>ΑΝΤΟΝΙΝΙ</strong></span> <span class='ocrx_word' id='word_1_183' title='bbox 1242 2278 1550 2315; x_wconf 88' lang='lat' dir='ltr'><strong>ITINERARII.</strong></span> <span class='ocrx_word' id='word_1_184' title='bbox 1605 2283 1686 2318; x_wconf 80' lang='lat'>107.</span> 
     </span>
    </p>
   </div>
   <div class='ocr_carea' id='block_1_12' title="bbox 353 2392 1744 2498">
    <p class='ocr_par' dir='ltr' id='par_1_13' title="bbox 353 2392 1744 2498">
     <span class='ocr_line' id='line_1_26' title="bbox 353 2392 1743 2441; baseline 0.004 -15"><span class='ocrx_word' id='word_1_185' title='bbox 353 2392 646 2427; x_wconf 72' lang='lat' dir='ltr'>ITlNERAmUM</span> <span class='ocrx_word' id='word_1_186' title='bbox 676 2393 772 2438; x_wconf 90' lang='lat' dir='ltr'>quod</span> <span class='ocrx_word' id='word_1_187' title='bbox 801 2392 978 2427; x_wconf 89' lang='lat' dir='ltr'>Antonini</span> <span class='ocrx_word' id='word_1_188' title='bbox 1007 2392 1167 2441; x_wconf 87' lang='lat' dir='ltr'>Augusti</span> <span class='ocrx_word' id='word_1_189' title='bbox 1197 2395 1340 2429; x_wconf 88' lang='lat' dir='ltr'>nomine</span> <span class='ocrx_word' id='word_1_190' title='bbox 1369 2394 1629 2437; x_wconf 87' lang='lat' dir='ltr'>circumfertur,</span> <span class='ocrx_word' id='word_1_191' title='bbox 1655 2396 1743 2431; x_wconf 88' lang='lat' dir='ltr'>utile</span> 
     </span>
     <span class='ocr_line' id='line_1_27' title="bbox 353 2451 1744 2498; baseline 0.002 -14"><span class='ocrx_word' id='word_1_192' title='bbox 353 2460 437 2484; x_wconf 83' lang='lat' dir='ltr'>sane</span> <span class='ocrx_word' id='word_1_193' title='bbox 463 2455 499 2485; x_wconf 87' lang='lat' dir='ltr'>et</span> <span class='ocrx_word' id='word_1_194' title='bbox 523 2455 769 2495; x_wconf 88' lang='lat' dir='ltr'>pervetustum</span> <span class='ocrx_word' id='word_1_195' title='bbox 796 2462 896 2496; x_wconf 89' lang='lat' dir='ltr'>opus,</span> <span class='ocrx_word' id='word_1_196' title='bbox 922 2461 994 2486; x_wconf 89' lang='lat' dir='ltr'>non</span> <span class='ocrx_word' id='word_1_197' title='bbox 1025 2461 1100 2486; x_wconf 87' lang='lat' dir='ltr'>esse</span> <span class='ocrx_word' id='word_1_198' title='bbox 1130 2451 1226 2487; x_wconf 87' lang='lat' dir='ltr'>illius</span> <span class='ocrx_word' id='word_1_199' title='bbox 1255 2452 1426 2498; x_wconf 83' lang='lat' dir='ltr'>principis</span> <span class='ocrx_word' id='word_1_200' title='bbox 1456 2454 1570 2488; x_wconf 84' lang='lat' dir='ltr'>multa</span> <span class='ocrx_word' id='word_1_201' title='bbox 1600 2455 1744 2489; x_wconf 84' lang='lat' dir='ltr'>convin-</span> 
     </span>
    </p>
   </div>
  </div>
 </body>
</html>
