2032 2912
376 318 439 349 254
758 315 991 348 HISTORIA
1016 315 1390 349 ECCLESIASTICA

379 425 420 446 ex
441 411 526 447 Vita
542 410 716 456 magistri.

873 525 1144 562 EUGENIUS.
1198 526 1279 562 465.

376 642 607 683 EUGENIUS,
639 643 768 678 tertius
799 644 1005 677 monasterii
1029 643 1074 678 D.
1101 643 1224 678 Jacobi
1250 643 1402 690 Majoris
1430 643 1617 689 Herbipoli
1646 643 1767 683 abbas,

375 700 431 743 pie
448 712 592 747 gregem
612 701 679 735 sibi
698 701 924 735 commissum
943 701 1037 735 rexit
1054 702 1156 736 annis
1176 710 1297 736 XVIII.
1350 701 1499 746 Scripsit

525 758 810 793 Exhortationes
829 758 873 792 ad
891 759 1095 804 peregrinos
1114 759 1236 793 Scotos
1253 759 1313 793 lib.
1335 768 1360 792 1.
1400 758 1568 793 Meminit
1586 758 1763 793 Trithem.

573 815 706 850 Chron.
726 816 885 861 ejusdem
902 817 1119 850 monasterii.

522 873 582 907 Ad
608 873 850 908 Coelestinum
878 872 948 906 ΙΙΙ.
980 872 1190 908 Pontificem
1217 873 1420 908 Maximum
1447 873 1631 918 Epistulas
1659 874 1718 908 lib.
1740 884 1764 908 1.

572 943 594 965 a
619 942 690 976 quo
716 930 1019 965 confirmationem
1050 931 1257 966 monasterii
1283 931 1514 976 impetravit3
1547 942 1637 976 quae
1668 936 1766 965 extat

570 988 664 1033 apud
682 987 936 1023 Trithemium.

425 1047 525 1081 Obiit
542 1057 636 1081 anno
655 1054 862 1081 Mexcvm.

922 1162 1084 1197 ELIAS.
1137 1162 1219 1197 466.

374 1279 503 1314 ELIAs
537 1279 644 1314 abbas
679 1279 837 1326 ejusdem
872 1279 1078 1314 monasterii
1110 1287 1182 1313 v11.
1217 1279 1284 1314 sub
1319 1278 1453 1314 Ottone
1483 1279 1646 1325 episcopo
1677 1279 1766 1313 sedit

376 1338 477 1372 annis
496 1347 550 1371 VI.
602 1337 754 1382 Scripsit

523 1394 725 1429 chronicon
743 1394 955 1429 Monasterii
973 1394 1160 1430 Scotorum
1365 1394 1424 1429 lib.
1447 1404 1471 1428 1.

426 1452 526 1487 Obiit
544 1463 638 1487 anno
658 1461 870 1487 Mccxxm.

858 1567 1144 1603 EGBERTUS.
1200 1566 1282 1605 467.

375 1685 598 1720 EGBERTUS
616 1685 877 1720 Carmelitanus
894 1685 1098 1731 religiosam
1117 1684 1229 1718 vitam
1247 1684 1285 1718 in
1303 1682 1430 1718 Galliis
1450 1685 1646 1728 amplexus,
1673 1689 1771 1728 post-

375 1754 481 1787 quam
499 1747 616 1777 totum
634 1743 807 1777 orientem
823 1744 1022 1783 lustrasset,
1039 1743 1252 1788 linguasque
1275 1741 1464 1776 orientales
1493 1742 1602 1786 probe
1628 1742 1770 1775 didicis-

374 1806 438 1842 set,
464 1801 570 1835 rediit
598 1802 636 1835 in
660 1800 826 1841 Scotiam,
852 1804 887 1835 et
912 1799 1037 1834 Albini
1064 1800 1316 1835 Brechinensis
1342 1800 1497 1845 episcopi
1523 1800 1768 1846 suffraganeus

375 1859 455 1900 fuit,
476 1870 538 1893 seu
557 1858 838 1903 chorepiscopus,
858 1858 959 1904 cujus
984 1858 1147 1903 precibus
1166 1857 1379 1893 Carmelitae
1402 1858 1658 1893 monasterium
1683 1857 1769 1891 Bre-

376 1917 470 1951 chini
489 1920 710 1962 acceperunt.
763 1916 913 1961 Scripsit

525 1974 697 2009 Alcorani
715 1974 926 2009 Versionem
1367 1974 1427 2008 lib.
1448 1984 1472 2008 1.

522 2033 660 2067 Contra
678 2031 898 2066 Alcoranum
1363 2032 1424 2066 lib.
1446 2041 1470 2065 1.

425 2090 546 2125 Rediit
564 2091 601 2124 in
618 2090 775 2135 patriam
793 2082 888 2124 an'no
907 2099 1095 2124 MCCLXII.
1115 2091 1258 2135 quando
1278 2090 1419 2130 obierit,
1437 2101 1509 2124 non
1526 2091 1653 2134 reperi.

724 2205 998 2240 ROBERTUS
1024 2205 1279 2240 ELGINIUS.
1333 2205 1415 2241 468.

383 2320 612 2361 ROBERTUS,
644 2332 665 2355 a
686 2321 803 2365 patria
825 2321 913 2356 urbe
937 2321 1106 2368 Elginius
1130 2322 1246 2356 dictus
1275 2321 1408 2366 (nescio
1432 2334 1477 2357 an
1500 2323 1585 2357 haec
1610 2322 1771 2369 Elgonae

382 2377 593 2424 Ptolomaei)
612 2379 772 2413 sacerdos
796 2390 836 2413 ac
858 2380 981 2413 doctor
1005 2379 1229 2420 Sorbonicus,
1253 2380 1321 2416 sub
1344 2380 1526 2415 Clemente
1548 2379 1593 2415 V.
1619 2380 1770 2414 referen-

378 2435 508 2476 darius,
529 2435 723 2470 Viennensi
742 2436 889 2471 concilio
907 2437 1082 2471 interfuit.
1136 2436 1286 2483 Scripsit
