2044 2992
1058 331 1112 373 vii

394 450 514 477 orum
547 434 744 490 catalogo,
775 434 885 475 Hist.
914 433 1150 476 Ecclesiast.
1177 450 1215 490 p.
1245 437 1339 484 679,
1368 435 1469 477 haee
1495 435 1647 477 habet:
1678 442 1699 461 ‘⁶
1719 437 1771 477 In

395 500 672 541 Claudianum
697 498 833 539 Notae
859 497 928 540 lib.
951 512 978 537 1.
1036 499 1069 537 F
1071 498 1216 540 lexiae.
1277 500 1329 540 In
1349 499 1629 541 Claudianum
1650 501 1772 542 Com-

393 564 620 605 mentarius
652 562 722 603 lib.
757 576 784 601 1.
843 560 1054 615 Lugduni,
1089 569 1132 603 et
1162 563 1297 603 alibi.'’
1370 564 1623 604 Prodjerunt
1657 570 1678 588 “
1709 564 1770 605 Cl.

393 626 611 679 Claudiani
631 639 739 680 quae
759 630 915 673 extant,
942 640 1038 666 cum
1065 626 1175 667 notis
1202 626 1388 667 Thomae
1413 628 1652 682 Dempsteri
1679 629 1772 669 Sco-

391 691 460 738 ti‚’'
494 689 672 737 Flexiae,
711 690 829 738 1607,
864 690 971 729 16t0.
1028 689 1386 731 commentarium
1420 705 1639 745 nunquam
1671 692 1768 740 vidi,

390 768 526 808 neque
555 753 714 793 viderat
741 753 891 793 Petrus
918 753 1187 794 Burmannus
1211 755 1437 795 Secundus.
1496 755 1577 795 Sed
1602 755 1655 795 de
1680 757 1771 809 ejus

389 817 729 859 annotationibus
749 817 808 857 ita
827 823 967 858 censet
987 817 1134 858 doctus
1154 817 1226 858 ille
1248 817 1388 872 Belga,
1416 818 1549 859 Praef.
1578 818 1622 858 in
1648 818 1772 859 Clau-

388 882 561 922 dianum
591 896 629 936 p.
649 881 705 921 xi.
762 886 783 905 “
803 880 856 921 In
886 880 969 922 illis
997 887 1119 929 certe,
1143 888 1193 922 ut
1219 887 1262 922 et
1288 881 1380 922 aliis
1409 882 1619 923 Demsteri
1646 883 1772 937 scrip-

390 945 453 993 tis,
473 944 750 999 multiplicem
769 943 959 986 lectionis
979 945 1167 986 eruditae
1187 946 1347 1000 copiam
1366 947 1499 1000 magis
1518 960 1646 1000 quam
1662 946 1772 1001 diju-

387 1009 552 1050 dicandi
586 1009 671 1049 vim
701 1014 745 1049 et
774 1007 916 1050 limam
950 1008 1203 1050 laudandam
1237 1024 1324 1051 esse
1353 1010 1625 1064 agnoscimus,
1657 1010 1772 1051 unde

388 1073 655 1113 Demsterum
684 1072 729 1112 in
759 1071 831 1112 illa
859 1072 1023 1126 copiosa
1050 1072 1230 1114 lectione
1260 1074 1475 1114 hominem
1498 1074 1649 1128 judicii
1680 1089 1772 1128 per-

387 1135 528 1191 pusilli
549 1136 676 1178 fuisse
692 1136 856 1190 judicat
874 1136 1167 1177 Broukhusius
1187 1137 1241 1177 ad
1261 1136 1419 1177 Tibull.
1439 1136 1510 1177 lib.
1528 1137 1554 1176 i.
1578 1136 1628 1178 el.
1650 1141 1687 1181 7.
1704 1142 1769 1178 53.

386 1214 512 1253 quem
532 1206 673 1240 tamen
692 1200 903 1240 defectum
922 1214 1044 1254 saepe
1064 1206 1301 1254 conpensat,
1321 1201 1566 1254 praesertim
1586 1201 1631 1241 in
1648 1201 1771 1241 Anti-

385 1263 596 1316 quitatum
617 1261 943 1316 Paralipomenis
963 1269 1006 1302 et
1026 1263 1071 1303 in
1092 1264 1265 1303 Etruria
1284 1263 1446 1317 Regali,
1477 1265 1770 1306 emendatione

385 1332 459 1366 aut
478 1325 771 1366 inlustratione
790 1331 1011 1367 auctorum
1039 1332 1239 1375 veterum,
1267 1341 1448 1380 quorum
1475 1326 1565 1367 loca
1591 1327 1658 1367 vel
1683 1342 1770 1368 eor-

384 1396 508 1444 rupta
555 1389 955 1431 circumferebantur
999 1395 1074 1430 aut
1122 1404 1337 1445 perperam
1387 1389 1768 1444 intelligebantur.”

383 1455 554 1495 Poetam
585 1453 725 1502 alium,
759 1453 883 1507 longe
916 1454 1204 1502 obscuriorem,
1238 1454 1446 1495 enarravit
1480 1454 1767 1509 Dempsterus.

381 1524 403 1543 “
421 1518 593 1572 Corippi
612 1517 798 1559 Africani
824 1518 1095 1558 Grammatici
1121 1518 1173 1558 de
1198 1517 1413 1558 Laudibus
1439 1518 1598 1558 Justini
1627 1518 1767 1559 Mino-

382 1582 438 1622 ris
462 1581 643 1635 Augusti
667 1580 763 1622 libri
788 1587 991 1634 quatuor:
1022 1581 1206 1622 Thomas
1225 1581 1500 1636 Dempsterus
1529 1596 1553 1622 a
1580 1581 1766 1631 Muresk,

380 1645 418 1685 J.
439 1645 484 1685 C.
504 1644 722 1693 recensuit,
747 1644 915 1686 lacunas
942 1645 1161 1699 supplevit,
1187 1645 1350 1686 mendis
1371 1646 1629 1700 expurgavit,
1657 1661 1766 1687 com-

381 1709 632 1750 mentarium
651 1709 813 1763 adjecit,
834 1723 919 1762 quo
938 1708 1111 1750 historia
1130 1715 1173 1750 et
1188 1709 1413 1764 antiquarii
1432 1710 1538 1750 ritus
1554 1708 1766 1750 elucidan-

381 1779 461 1820 tur,
496 1773 681 1826 variique
715 1773 935 1826 scriptores
968 1773 1239 1826 explicantur,
1274 1773 1593 1814 restituuntur.”
1653 1774 1766 1813 Pari-

382 1836 462 1883 siis,
483 1836 601 1882 1610,
622 1839 711 1875 8vo.
767 1841 788 1859 ‘⁶
808 1835 924 1876 Bene
944 1836 996 1876 de
1016 1836 1197 1890 Corippo
1217 1837 1416 1877 meritum
1433 1837 1762 1877 eruditissimum

380 1900 516 1939 virum
547 1898 751 1939 Thomam
782 1898 1061 1946 Demsterum‚
1093 1899 1210 1939 nulla
1239 1909 1351 1940 aetas
1383 1900 1588 1953 negabit,'’
1623 1900 1764 1954 inquit

382 1962 590 2009 Barthius,
610 1962 952 2003 Adversariorum
972 1962 1041 2003 lib.
1062 1963 1145 2003 xxi.
1166 1977 1251 2017 cap.
1271 1963 1356 2003 xiii.
1377 1978 1416 2017 p.
1437 1964 1555 2004 1046.
1614 1964 1695 2004 Sed
1710 1965 1762 2005 de

379 2027 467 2081 ipso
500 2032 634 2080 poeta,
668 2026 741 2079 qui
773 2026 880 2066 vixit
913 2032 1098 2080 tempore
1129 2026 1286 2067 Justini
1316 2027 1499 2075 minoris,
1526 2033 1644 2068 sexto
1672 2030 1761 2082 Jam

379 2096 567 2131 vertente
601 2089 750 2137 secu10,
784 2090 962 2130 videnda
1000 2096 1063 2131 est
1103 2089 1319 2144 Polycarpi
1360 2090 1530 2144 Leyseri
1572 2091 1760 2132 Historia

380 2155 602 2194 Poetarum
637 2153 769 2193 Medii
802 2153 917 2201 Aevi‚
947 2168 985 2207 p.
1019 2158 1109 2197 172.
1167 2154 1342 2194 Barthio
1377 2160 1440 2195 est
1469 2154 1646 2195 ultimus
1675 2155 1762 2196 fere

378 2224 606 2272 poetarum,
626 2216 783 2258 scilicet
802 2223 1019 2271 poetarum
1040 2223 1227 2259 veterum
1249 2217 1507 2258 Latinorum.

434 2282 500 2322 De
514 2280 740 2336 philologia
755 2288 798 2321 et
812 2281 984 2321 historia
998 2296 1094 2322 cum
1106 2282 1439 2336 jurisprudentia
1453 2283 1545 2336 conj
1552 2282 1757 2335 ungenda,

378 2345 500 2386 multi
522 2346 646 2386 verba
666 2345 809 2386 fecere.
868 2346 1111 2386 Orationem
1132 2346 1184 2386 de
1204 2345 1421 2386 literarum
1442 2346 1592 2394 studio,
1613 2346 1656 2385 in
1677 2346 1760 2400 pri-

378 2410 455 2449 mis
481 2410 745 2458 Graecarum,
766 2423 861 2450 cum
876 2408 1210 2464 jurisprudentia
1230 2410 1535 2466 conjungendo,
1556 2410 1757 2451 tredecim
