2032 2912
701 350 876 384 GENTIS
901 347 1177 386 SCOTORUM‚
1200 347 1289 380 LIB.
1314 346 1392 378 V11.
1672 351 1734 383 323

547 457 604 490 po,
622 446 712 480 falso
731 444 951 479 attribuitur.

402 505 541 539 Floruit
559 514 652 537 anno
672 510 885 536 Mcxxvm.

819 615 855 650 S.
882 614 1065 649 GELASI
1071 615 1139 649 US.
1193 613 1275 650 603.

354 733 390 766 S.
411 732 617 766 GELASIUS
635 731 828 771 Diaconus,
846 730 1033 765 sanctitate
1050 740 1201 769 morum,
1228 734 1263 764 et
1280 730 1476 765 eruditione
1495 733 1619 772 clarus,
1647 740 1733 768 stre-

354 801 424 824 nue
447 789 594 823 verbum
613 789 760 823 Domini
782 787 1013 833 popularibus
1038 787 1113 821 suis
1138 786 1373 831 praedicabat,
1401 798 1481 821 cum
1505 789 1674 833 reliquiae
1699 789 1734 824 S.

356 847 522 881 Andreae
540 847 691 891 apostoli
709 846 747 879 in
765 845 931 885 Scotiam,
949 850 1027 879 tum
1046 843 1292 884 ffictlandiam,
1317 844 1362 878 ab
1382 843 1418 877 S.
1438 844 1576 890 Regulo
1601 848 1736 882 delatae

356 910 451 938 sunt.
504 903 646 948 Scripta
662 914 734 937 non
751 907 885 943 extant,
905 907 1045 946 praeter

504 961 701 996 Homiliam
720 961 762 994 de
780 960 981 994 Nativitate
998 959 1133 994 Christi
1331 960 1391 994 lib.
1411 970 1436 994 1.
1455 962 1556 1007 cujus
1575 963 1737 996 meminit

552 1018 711 1052 Fordun.
730 1018 791 1052 lib.
812 1027 855 1052 11.
875 1017 972 1051 Hist.
992 1016 1085 1050 Scot.

405 1076 572 1111 Florebat
589 1086 682 1110 anno
703 1083 895 1110 cchxlx.
940 1074 1044 1108 Hect.
1063 1073 1236 1108 Boethius
1250 1074 1310 1109 lib.
1326 1083 1379 1108 vl.
1396 1074 1532 1110 Histor.
1548 1076 1640 1111 Scot.
1654 1088 1734 1123 pag.

355 1144 417 1169 cv.

831 1246 1132 1282 GILBERTUS.
1187 1245 1270 1281 604.

358 1364 606 1404 GILBERTUS,
628 1367 861 1410 cognomento
886 1362 1166 1408 ChartophylaX‚
1188 1363 1421 1398 Cathanesiae
1446 1364 1640 1409 episcopus,
1666 1375 1742 1399 suc-

357 1432 473 1455 cessor
502 1420 646 1461 Adami,
675 1431 792 1465 quem,
822 1420 883 1454 lib.
914 1428 939 1453 1.
974 1420 1041 1453 hoc
1069 1431 1174 1464 opere
1204 1431 1322 1463 supra,
1353 1421 1460 1464 impie
1485 1421 1742 1466 crudeliterque

357 1483 521 1512 necatum
547 1490 568 1511 a
593 1478 730 1512 civibus
756 1477 908 1523 ingratis
934 1477 1175 1517 ostendimus3
1205 1477 1263 1511 vir
1287 1488 1417 1523 magna
1442 1478 1537 1522 apud
1561 1489 1680 1524 regem
1708 1484 1743 1513 et

358 1537 491 1569 clerum
522 1536 731 1569 universum
762 1534 984 1574 auctoritate,
1019 1534 1064 1568 ob
1095 1535 1292 1580 singulares
1323 1534 1433 1568 animi
1463 1535 1573 1576 dotes,
1602 1547 1741 1570 morum

358 1593 626 1633 continentiam,
650 1598 685 1627 et
702 1603 774 1626 non
792 1593 976 1638 vulgarem
994 1592 1031 1625 in
1049 1592 1153 1625 rebus
1172 1592 1280 1626 sacris
1297 1592 1542 1626 eruditionem.
1594 1592 1743 1638 Scripsit

507 1649 761 1684 Collectionem
781 1649 1057 1694 Privilegiorum
1076 1649 1192 1694 Regni
1211 1648 1348 1683 Scotiae
1430 1650 1490 1683 lib.
1511 1658 1535 1683 Ι.
1553 1661 1643 1694 quae
1660 1651 1743 1686 Ale-

556 1708 694 1741 xandro
725 1707 775 1741 ΙΙ.
813 1706 889 1752 regi
919 1711 1161 1740 concesserant
1190 1706 1340 1751 piissimi
1375 1706 1528 1741 Romani
1562 1708 1742 1752 pontifices

556 1764 777 1798 Coelestinus
795 1763 860 1798 IV.
879 1767 914 1797 et
932 1763 1160 1798 Innocentius
1179 1763 1242 1798 IV.
1270 1774 1360 1808 quae
1383 1764 1487 1798 hodie
1512 1765 1542 1798 si
1568 1770 1739 1806 extarent,

557 1834 629 1856 non
646 1833 759 1867 usque
776 1822 863 1856 adeo
880 1821 918 1855 in
941 1822 1177 1865 perquirenda
1198 1822 1334 1866 patriae
1357 1822 1570 1867 antiquitate
1594 1824 1743 1857 caecuti-

555 1891 686 1915 remus.

507 1937 671 1972 Canones
689 1938 850 1971 omnium
870 1937 1007 1971 Scotiae
1025 1936 1142 1983 Regni
1161 1936 1400 1971 Ecclesiamm
1497 1937 1557 1972 lib.
1578 1947 1603 1971 1.

410 1995 585 2031 Successit
603 1995 789 2030 interfecto
807 1994 919 2035 Adae,
945 2005 1007 2029 seu
1032 1993 1174 2029 Adamo
1191 1994 1355 2034 antistiti,
1378 2005 1470 2029 anno
1489 2003 1640 2029 MCCLV.
1694 1995 1742 2029 H.

363 2053 492 2088 Boeth.
515 2053 576 2087 lib.
597 2062 690 2087 xm.
719 2052 816 2086 Hist.
835 2052 929 2087 Scot.
955 2063 1036 2099 pag.
1056 2060 1289 2086 ccnxxxm.
1341 2051 1480 2086 Nomen
1506 2053 1538 2087 ei
1564 2052 1608 2087 ab
1633 2053 1744 2088 officio

364 2112 508 2145 videtur
528 2111 684 2145 inditum
710 2110 963 2154 Curapalates:
991 2110 1053 2144 sed
1078 2109 1252 2156 Georgius
1275 2109 1432 2144 cedinus
1455 2109 1515 2144 lib.
1543 2111 1586 2144 de
1612 2110 1744 2145 Officiis

361 2168 479 2202 Aulae
498 2167 913 2212 Constantinopolitanae
931 2167 1092 2202 adeatur.

675 2282 974 2317 GULIELMUS
1000 2282 1301 2318 GREGORIUS.
1353 2282 1435 2318 605.

367 2397 617 2433 GULOELMUS
648 2397 854 2445 Gregorius,
885 2410 965 2434 cum
1000 2399 1109 2433 bonas
1139 2404 1232 2434 artes
1263 2399 1427 2434 Lutetiae
1461 2399 1639 2433 didicisset
1669 2399 1747 2433 ado-

368 2457 512 2497 lescens,
539 2467 557 2490 e
583 2455 743 2503 Collegio
773 2456 1006 2491 Montisacuti
1039 2467 1119 2491 cum
1152 2457 1295 2504 collegis
1320 2457 1450 2503 viginti
1480 2468 1552 2491 uno
1584 2467 1647 2502 per
1676 2456 1747 2490 Lu-
