2032 2912
743 363 919 397 GENTIS
943 364 1221 404 SCOTORUM,
1245 365 1334 398 LIB.
1360 365 1405 397 11.
1739 365 1781 396 77

528 457 801 503 Expositionem
819 458 984 492 Psalterii
1319 459 1381 494 lib.
1402 468 1427 492 1.

527 515 777 550 collectionem
795 514 982 549 Canonum
999 525 1180 550 sacrorum
1315 517 1377 551 lib.
1397 526 1423 551 1.

525 571 582 606 De
606 571 786 616 Baptismi
811 570 1047 605 Caerimoniis
1072 571 1297 616 Epistolam3
1328 585 1437 618 quam
1467 574 1558 608 male
1578 572 1770 607 Henricus

572 628 738 663 Canisius
767 627 914 662 Alcuini
949 627 1046 662 Scoti
1075 630 1218 663 nomine
1248 630 1453 674 publicavit,
1485 642 1566 665 cum
1595 629 1631 664 S.
1663 630 1769 664 Barri

569 695 658 729 opus
676 695 752 719 esse
768 685 887 729 ipsum
910 695 1041 719 nomen
1063 686 1261 730 praefixum
1284 687 1323 720 in
1346 687 1559 722 bibliotheca
1581 689 1680 734 regia
1702 693 1771 722 tes·

570 746 678 782 tetur,
703 745 739 776 et
760 742 830 776 viri
853 742 904 786 pii
928 753 1024 782 cura,
1047 743 1110 788 qui
1133 749 1341 787 pereuntem
1363 745 1577 779 sanctissimi
1594 745 1767 779 antistitis

570 800 777 834 memoriam
802 800 972 840 restituit,
999 800 1095 834 hisce
1118 800 1277 845 apicibus
1301 812 1448 846 operum
1472 812 1612 836 mecum
1628 802 1767 846 pridem

571 857 850 892 communicatis.

420 915 560 952 Claruit
580 925 674 950 anno
699 923 884 950 MLxxlx.
912 914 1063 956 Colitur,
1087 916 1229 960 templis
1252 920 1288 951 et
1311 916 1383 951 aris
1406 917 1530 951 multis
1556 916 1657 963 regni
1683 916 1767 951 locis

369 975 506 1014 erectis,
524 974 580 1008 die
598 980 699 1007 XXV·
718 971 896 1017 Septemb.
939 972 1102 1007 Breviar.
1122 972 1250 1009 Scotic.
1292 973 1388 1009 Acta
1404 974 1555 1009 certiora
1572 974 1764 1019 perierunt.

863 1085 901 1121 S.
928 1086 1143 1122 BLANUS.
1197 1086 1280 1123 136.

367 1203 403 1238 S.
431 1204 602 1238 BLANUS
628 1209 663 1238 et
688 1203 937 1238 ardentissimo
962 1204 1106 1248 pietatis
1133 1209 1218 1239 voto
1243 1205 1349 1240 vivus
1374 1206 1547 1250 populum
1578 1216 1684 1239 suum
1710 1216 1764 1239 re-

368 1261 433 1301 xit,
466 1265 501 1294 et
527 1260 750 1295 creberrimis
777 1259 965 1294 defunctus
991 1261 1171 1295 miraculis
1197 1262 1350 1307 adjuvit,
1376 1267 1412 1297 et
1437 1263 1512 1307 ipse
1538 1274 1582 1297 ex
1608 1262 1764 1301 Culdeis‚

366 1321 542 1361 quantum
572 1316 746 1361 suspicari
777 1316 870 1356 licet,
900 1316 1049 1351 antistes
1084 1318 1215 1352 electus
1250 1319 1469 1363 episcopatui
1504 1319 1764 1353 Dumblanensi

365 1374 639 1418 appellationem
673 1373 782 1407 dedit.
850 1371 975 1407 Vitam
1010 1374 1088 1419 ejus
1127 1374 1304 1421 Georgius
1346 1375 1547 1417 Neutonus,
1592 1375 1765 1410 Dumbla-

364 1431 484 1465 nensis
502 1430 782 1470 archidiaconus,
800 1435 855 1465 est
871 1431 1087 1474 complexus,
1106 1443 1197 1476 quae
1214 1432 1288 1466 fere
1306 1433 1357 1467 sic
1374 1444 1412 1467 se
1429 1433 1548 1467 habet.
1576 1432 1612 1467 S.
1633 1433 1765 1467 Catha-

363 1500 443 1529 nus,
462 1488 647 1533 episcopus
665 1487 873 1527 Hiberniae,
893 1491 936 1521 ut
953 1487 1133 1522 solitariae
1152 1489 1249 1524 vitae
1266 1490 1462 1534 impensius
1486 1495 1639 1530 vacaret,
1665 1490 1766 1524 venit

363 1547 402 1580 in
432 1546 588 1580 insulam
618 1544 794 1579 Scoticam
823 1544 970 1586 Butam,
1002 1555 1145 1590 unaque
1178 1557 1298 1580 secum
1332 1547 1436 1581 duxit
1469 1558 1626 1581 sororem
1662 1558 1764 1582 suam

362 1604 504 1638 unicam
529 1601 696 1642 Ertham‚
722 1613 813 1647 quae
838 1613 968 1647 aquam
993 1603 1168 1638 haustura
1192 1604 1297 1638 domo
1319 1603 1413 1639 forte
1438 1615 1636 1651 progressa,
1662 1616 1684 1639 a
1704 1605 1763 1650 ju-

363 1671 453 1695 vene
477 1659 747 1700 formosissimo,
772 1659 912 1704 sibique
936 1660 1072 1706 ignoto,
1098 1672 1163 1705 per
1188 1661 1263 1695 vim
1290 1665 1343 1696 est
1369 1672 1590 1707 compressa3
1618 1673 1662 1696 ex
1692 1672 1763 1707 quo

363 1717 554 1752 concubitu
584 1716 620 1751 S.
652 1717 790 1751 Blanus
820 1721 940 1757 natus,
970 1718 1033 1762 qui
1063 1729 1145 1752 cum
1174 1723 1288 1753 matre
1319 1718 1449 1764 exiguo
1483 1719 1599 1753 lembo
1633 1730 1677 1753 ex
1707 1731 1762 1754 co-

365 1776 419 1809 rio
445 1775 575 1809 bovino
601 1774 802 1818 impositus,
828 1778 870 1808 ut
896 1778 932 1808 et
957 1775 1119 1808 adultera
1144 1779 1180 1809 et
1204 1780 1330 1819 partus
1355 1776 1463 1809 simul
1488 1776 1527 1809 in
1552 1777 1643 1810 mari
1669 1778 1762 1821 peri-

365 1838 455 1872 rent,
485 1831 547 1865 sed
577 1830 645 1865 Dei
672 1830 893 1876 benignitate
920 1831 958 1865 in
989 1835 1134 1875 portum
1163 1843 1334 1876 myoparo
1362 1833 1544 1876 applicuit,
1575 1844 1655 1867 cum
1685 1838 1761 1868 toto

365 1890 491 1924 itinere
521 1888 598 1923 avis
628 1888 802 1932 quaedam
831 1888 1002 1933 grandior
1031 1888 1144 1933 pisces
1175 1889 1320 1923 alendae
1349 1900 1543 1934 puerperae
1569 1891 1758 1925 attulisset.

364 1946 498 1981 Littori
522 1945 709 1990 applicitos
734 1944 797 1978 SS.
824 1944 1018 1991 congallus
1044 1950 1080 1980 et
1104 1945 1316 1980 Kennethus
1346 1947 1667 1991 deprehenderunt,
1697 1950 1759 1993 qui

364 2004 415 2038 rei
450 2003 601 2037 veritate
636 2007 826 2046 comperta,
861 2002 1087 2047 baptismatis
1121 2002 1219 2037 fonte
1249 2014 1399 2047 puerum
1430 2003 1591 2045 bearunt,
1628 2006 1690 2050 qui
1720 2006 1757 2040 in

365 2061 498 2106 pietate
515 2065 551 2094 et
575 2060 688 2094 literis
712 2059 780 2094 sub
802 2060 945 2094 illorum
969 2071 1054 2094 cura
1077 2059 1223 2094 mirifice
1246 2059 1405 2104 profecit,
1430 2072 1470 2094 ac
1493 2062 1637 2096 tandem
1661 2062 1758 2097 adul-

363 2119 434 2152 tior
458 2116 585 2157 factus,
611 2117 715 2151 venia
741 2117 786 2151 ab
811 2117 974 2162 episcopo
999 2118 1199 2161 impetrata,
1227 2117 1361 2152 Butam
1386 2119 1541 2162 repetiit,
1567 2119 1629 2153 ubi
1647 2131 1757 2154 avun-

365 2176 484 2209 culum
509 2185 614 2208 suum
638 2174 841 2208 Cathanum
859 2175 937 2220 jam
961 2175 1059 2209 senio
1082 2174 1236 2209 fractum
1260 2175 1429 2217 offendit3
1456 2187 1478 2210 a
1500 2187 1582 2221 quo,
1606 2181 1683 2211 tota
1707 2178 1758 2211 vi-

365 2238 423 2266 tae
449 2231 539 2265 serie
565 2232 718 2277 cognita,
744 2232 789 2265 ad
815 2233 956 2266 eosdem
979 2233 1160 2277 episcopos
1183 2232 1352 2267 remissus
1375 2238 1440 2273 est,
1463 2238 1505 2267 ut
1527 2244 1644 2268 sacros
1662 2235 1757 2269 ordi-

365 2300 427 2323 nes
445 2288 490 2323 ab
507 2288 551 2322 iis
569 2289 752 2333 reciperet.
804 2288 901 2323 Tum
918 2289 1072 2324 Romam
1095 2291 1276 2330 concessit,
1300 2296 1342 2325 ut
1366 2301 1466 2325 sacra
1482 2291 1558 2325 loca
1574 2292 1755 2333 inviseret,

365 2354 400 2380 et
430 2358 452 2380 a
482 2356 622 2380 summo
651 2345 818 2390 pontifice
847 2346 1101 2382 benedictionis
1131 2358 1262 2381 munus
1296 2353 1591 2393 consequeretur:
1633 2349 1672 2383 in
1700 2361 1755 2384 re-

364 2414 490 2449 gressu
524 2402 708 2437 Gallorum
741 2404 836 2450 regis
870 2404 1063 2439 amicitiam
1098 2405 1306 2449 promeruit,
1342 2410 1379 2440 et
1415 2404 1618 2452 Anglorum
1658 2407 1753 2452 regis

365 2460 477 2496 filium
508 2460 715 2496 defunctum
744 2461 913 2497 excitavit
943 2461 989 2497 ad
1016 2462 1137 2498 vitam.
1186 2461 1340 2497 Demum
1367 2462 1571 2499 beatissima
1596 2464 1671 2499 vita
1696 2464 1752 2499 de-
