2032 2912
705 336 882 370 GENTIS
906 334 1184 374 SCOTORUM,
1207 334 1299 367 LIB.
1325 335 1371 367 ΙΙ.
1673 333 1734 365 127

491 432 545 466 De
567 431 744 466 Potestate
770 431 889 476 Papae
916 430 1112 475 (impietate
1136 430 1251 474 plena,
1277 434 1313 464 et

541 489 586 523 ab
618 488 763 522 ecclesia
794 485 1208 532 proscripta—Andreas
1240 487 1317 522 Eu-

539 547 687 580 daemon
706 545 810 579 docta
826 555 892 578 sua
909 545 970 578 illa
987 542 1168 589 Epistola)
1330 543 1392 578 lib.
1412 553 1437 577 1.

490 603 638 638 Strenae
1329 601 1390 635 lib.
1411 610 1436 635 1.

490 659 775 705 Euphormionis
793 657 961 692 Lusinini
979 656 1168 702 Satyricon
1331 659 1392 693 lib.
1413 668 1438 692 1.

489 717 574 752 Icon
591 717 803 751 animorum·
856 714 916 749 Ex
934 714 1131 760 Hispanico
1153 714 1296 759 scripto,
1320 716 1363 750 de
1388 715 1565 749 Examine
1589 715 1732 762 Ingeni-

538 785 652 809 orum.
704 773 785 813 Quo
803 784 907 818 opere
924 773 968 806 de
984 772 1149 807 omnibus
1166 773 1334 819 gentibus
1347 774 1449 813 male,
1463 773 1506 807 de
1520 772 1633 807 Scotis
1647 784 1731 807 vero

535 832 687 877 pessime
705 831 828 866 sensit.
879 830 996 864 Aiunt
1015 829 1239 865 Palinodiam
1257 831 1434 871 cecinisse,
1452 831 1513 865 sed
1530 842 1602 865 non
1619 831 1704 864 vidi.

489 889 697 924 Paraenesis
714 889 759 922 ad
777 888 951 923 Sectarios
1188 888 1249 923 lib.
1270 898 1312 923 11.
1331 888 1434 923 Vivit
1451 888 1567 922 adhuc
1584 888 1730 923 Romae.

794 986 910 1021 ROB.
937 986 1135 1022 BODIUS.
1187 989 1270 1022 220.

340 1063 560 1096 ROBERTUS
579 1062 715 1096 Bodius
733 1061 1007 1107 Trochoregius,
1025 1061 1082 1095 vir
1099 1061 1210 1096 nobili
1227 1063 1304 1096 loco
1322 1065 1441 1103 natus,
1461 1066 1497 1096 et
1515 1072 1665 1096 amoeno
1678 1061 1732 1095 in-

340 1121 455 1166 genio,
474 1120 609 1154 variam
628 1120 814 1154 lectionem
831 1119 1001 1153 acerrimo
1014 1119 1150 1164 judicio
1167 1124 1380 1164 temperans,
1400 1124 1494 1154 artes
1519 1120 1673 1164 optimas
1696 1123 1732 1154 et

340 1178 464 1212 didicit
481 1178 642 1218 feliciter,
669 1182 705 1212 et
722 1177 874 1223 gloriose
899 1177 938 1210 in
964 1175 1090 1211 Galliis
1114 1177 1246 1212 docuit.
1298 1176 1393 1223 Ejus
1418 1181 1504 1212 sunt
1529 1178 1667 1218 multa3
1694 1177 1731 1211 in

338 1235 405 1275 his,

488 1291 688 1326 Harmonia
706 1290 989 1337 Evangeliorum
1327 1292 1388 1326 lib.
1409 1300 1435 1326 1.

486 1349 676 1384 Orationes
1328 1349 1389 1383 lib.
1409 1357 1436 1383 Ι.

486 1406 673 1451 Epistolae
1331 1406 1393 1441 lib.
1413 1415 1438 1440 1.

388 1464 490 1499 Vivit
507 1465 546 1498 in
564 1464 693 1505 Scotia,
712 1468 747 1498 et
771 1464 913 1498 literato
937 1463 1034 1498 domi
1060 1463 1134 1497 otio
1158 1462 1304 1504 fruitur,
1331 1463 1559 1498 doctissimus
1583 1463 1670 1508 ipse,
1697 1469 1733 1499 et

337 1523 521 1557 doctorum
545 1522 676 1562 fautor,
702 1522 779 1568 regi
804 1532 845 1556 ac
871 1521 1093 1566 principibus
1116 1533 1230 1556 carus.
1283 1520 1401 1556 Aiunt
1418 1522 1555 1556 haeresi
1573 1522 1733 1567 deposita

337 1580 506 1614 ecclesiae
524 1591 653 1614 nomen
671 1580 819 1620 dedisse,
838 1579 971 1624 alioqui
988 1580 1106 1614 locum
1122 1579 1181 1614 hic
1197 1590 1270 1614 non
1286 1580 1443 1614 haberet.

484 1637 690 1672 Alexander
709 1637 845 1672 Bodius
1351 1639 1435 1671 221.

486 1695 665 1729 Robertus
685 1694 918 1740 Balcanguail
1350 1697 1433 1728 222.

487 1752 607 1787 Gualt.
626 1752 854 1786 Ballantinus
1350 1754 1433 1785 223.

486 1809 616 1843 Petrus
635 1809 788 1843 Brusius
1351 1811 1434 1843 224«.

483 1867 647 1901 Andreas
666 1866 818 1900 Brusius
1350 1868 1432 1901 225.

483 1924 507 1958 J
509 1925 638 1958 acobus
657 1923 787 1957 Blarus
1349 1923 1431 1958 226.

440 1984 446 1988 “
484 1982 664 2016 Robertus
682 1981 813 2015 Blarus
1349 1984 1432 2020 227.

483 2040 662 2073 Robertus
680 2038 857 2072 Batonius
1348 2042 1430 2074 228.

386 2098 465 2140 Viri
492 2097 587 2131 domi
613 2096 747 2130 nobiles
770 2107 810 2129 ac
836 2096 873 2130 in
899 2095 1000 2130 bonis
1026 2096 1163 2131 artibus
1189 2097 1485 2138 exercitatissimi,
1510 2102 1551 2132 ut
1567 2099 1724 2143 plurimi,

337 2157 430 2203 regis
460 2156 506 2189 ad
537 2154 658 2188 Scotos
681 2165 764 2187 suos
789 2165 966 2187 accessum
989 2155 1209 2189 orationibus
1235 2160 1298 2189 aut
1323 2157 1510 2199 poematiis
1537 2162 1622 2191 sunt
1647 2168 1728 2192 con-

335 2213 530 2260 gratulati3
558 2216 593 2246 et
619 2223 690 2246 non
718 2211 843 2245 dubito
869 2212 957 2256 quin
978 2213 1092 2246 multa
1117 2213 1186 2246 alia
1215 2212 1475 2256 publicaverint
1504 2215 1567 2255 illi,
1599 2215 1659 2249 sed
1689 2216 1727 2249 in

335 2282 462 2304 manus
481 2281 576 2304 meas
594 2269 684 2302 nihil
701 2273 842 2313 praeter
858 2269 944 2303 haec
961 2281 1052 2314 quae
1070 2270 1344 2304 commemoravi
1370 2272 1544 2314 pervenit,
1571 2277 1606 2306 et
1632 2277 1727 2307 certa

336 2328 425 2361 scire
455 2329 613 2361 locorum
639 2326 810 2360 distantia
833 2331 957 2375 vetat:
997 2338 1061 2361 nec
1087 2327 1125 2360 in
1150 2327 1195 2361 iis
1221 2327 1411 2372 quicquam
1439 2329 1726 2374 vituperandum,

336 2385 405 2419 nisi
429 2385 552 2429 iniqua
576 2385 611 2418 in
638 2384 774 2418 haeresi
799 2385 1024 2428 quorundam
1049 2385 1221 2426 educatio,
1248 2397 1269 2420 o
1294 2386 1434 2421 utinam
1460 2391 1502 2422 ut
1526 2388 1649 2433 aliqui,
1676 2389 1726 2423 ita

336 2453 457 2477 omnes
474 2442 682 2487 resipiscant
697 2441 704 2475 !
