2032 2912
651 354 825 387 GENTIS
848 354 1124 394 SCOTORUM,
1149 356 1238 388 LIB.
1264 356 1303 389 V.
1607 358 1671 388 253

292 447 468 491 piternam
480 447 635 492 quietem
647 450 927 495 commigravit.”
962 449 1171 485 Vincentius
1184 451 1244 485 lib.
1260 459 1376 485 XXIV.
1391 450 1530 496 Speculi
1545 450 1668 486 Histo-

292 505 389 538 rialis
403 516 478 550 cap.
494 513 608 540 CXIV.
622 514 715 539 CXV.
767 506 1002 541 Bercharius:
1022 511 1043 527 “
1056 506 1280 542 Luxoviense
1293 508 1547 542 monasterium
1566 520 1668 554 expe-

292 562 362 601 tiit,
380 562 442 596 ubi
469 562 535 596 sub
561 562 686 596 abbate
709 562 745 596 S.
764 562 960 597 Eustachio
982 565 1213 598 monasticam
1238 565 1349 599 vitam
1373 565 1508 599 duxit.’‘
1557 565 1667 601 Jonas

291 619 329 652 in
349 618 433 654 Vita
450 619 485 654 S.
505 619 696 663 Bertulphi
715 620 753 653 in
770 620 892 654 limine
907 630 916 654 ε
943 624 964 639 “
981 620 1042 654 Ad
1059 621 1294 655 venerabilem
1312 622 1430 656 virum
1447 621 1667 664 Eustasium,

290 676 552 711 Luxoviensem
570 676 744 717 abbatem,
768 687 804 711 se
822 677 1003 711 contulit.”
1053 677 1257 712 Promiscue
1284 690 1368 725 ergo
1385 679 1429 713 ab
1445 679 1501 714 his
1518 681 1668 715 vetustis

291 734 494 768 auctoribus
519 732 749 774 Eustachius,
779 733 983 775 Eustasius,
1010 733 1200 769 Eustatius
1226 740 1382 770 vocatur.
1434 736 1605 783 Sigebert.
1632 739 1670 772 in

290 791 477 832 Chronico,
495 795 531 825 et
547 791 607 825 lib.
628 791 671 825 de
688 790 766 826 Vir.
785 792 915 826 illustr.
934 803 1008 837 cap.
1030 801 1114 826 LXI.
1158 791 1182 825 J
1184 803 1262 826 oan.
1278 792 1453 827 Trithem.
1468 794 1528 828 lib.
1549 804 1608 829 111.
1626 796 1669 829 de

290 848 368 882 Vir.
387 849 517 884 illustr.
540 848 666 883 Ordin.
686 849 722 883 S.
741 849 927 884 Benedicti
948 861 1022 895 cap.
1043 858 1142 883 LXX.
1185 849 1385 884 Solennitas
1407 851 1483 896 eJus
1505 853 1669 886 recolitur

290 907 333 941 ab
359 908 502 941 ecclesia
528 907 584 941 die
611 916 729 941 XXIX.
757 907 893 942 Martii.
938 907 1173 953 Martyrolog.
1200 907 1352 942 Roman.
1385 911 1408 928 ‘⁶
1426 907 1471 942 In
1495 914 1669 943 monaste-

290 964 342 999 rio
360 963 580 999 Luxoviensi
597 964 772 1009 depositio
791 964 827 999 S.
845 964 1007 1000 Eustasii
1030 964 1179 1006 abbatis,
1204 965 1369 1010 discipuli
1393 965 1429 1000 S.
1448 965 1669 1006 Columbani,

290 1022 352 1066 qui
370 1021 479 1056 ferme
498 1031 562 1056 Dc.
585 1022 839 1056 monachorum
856 1027 957 1067 pater
973 1022 1054 1063 fuit,
1079 1027 1115 1057 et
1132 1023 1227 1058 vitae
1245 1023 1431 1057 sanctitate
1448 1024 1666 1068 conspicuus,

290 1080 397 1113 etiam
414 1079 595 1113 miraculis
614 1079 776 1114 claruit.'’
825 1079 963 1114 Eadem
982 1079 1063 1114 Ado
1082 1079 1317 1120 Trevirensis,
1340 1080 1449 1121 Beda,
1474 1080 1668 1122 Usuardus,

291 1137 531 1182 Maurolycus,
551 1136 765 1177 Galesinius‚
785 1141 820 1171 et
843 1137 915 1177 alii,
941 1148 1092 1182 quorum
1118 1138 1280 1172 nonnulli
1306 1149 1387 1172 eum
1413 1137 1549 1172 Scotiae
1574 1149 1670 1172 meae

290 1195 505 1240 adjudicant,
536 1195 596 1228 alii
628 1194 908 1240 Burgundorum
938 1206 1065 1241 regum
1100 1196 1272 1241 sanguine
1305 1200 1424 1230 ortum
1455 1195 1669 1235 existimant,

288 1252 384 1297 quod
401 1252 492 1286 forte
510 1263 645 1286 verum.

337 1309 478 1344 Floruit
495 1320 588 1344 anno
607 1317 779 1344 Dcxxlv.
833 1309 971 1344 Colitur
989 1318 1108 1344 xxlx.
1128 1309 1265 1351 Martii,
1285 1315 1320 1345 et
1338 1319 1412 1344 xlx.
1432 1310 1556 1345 Octob.

769 1424 804 1458 S.
833 1423 1078 1459 EUNOCUS.
1107 1422 1189 1459 463.

289 1541 325 1574 S.
344 1538 552 1580 EUNocUs‚
577 1539 773 1583 discipulus
797 1538 833 1573 S.
858 1538 1080 1579 Columbani,
1098 1543 1315 1574 memoratur
1338 1551 1359 1574 a
1381 1539 1405 1573 J
1407 1551 1474 1574 ona
1492 1539 1596 1574 Scoto
1614 1541 1674 1575 ab-

288 1598 369 1631 bate
394 1597 433 1631 in
458 1596 544 1631 Vita
570 1596 666 1630 illius
696 1596 731 1630 S.
759 1607 834 1641 cap.
854 1605 946 1630 XIII.
999 1601 1021 1616 “
1037 1596 1202 1636 Quatuor
1225 1597 1358 1643 insigni
1383 1597 1554 1643 religione
1577 1599 1672 1632 viros

287 1666 351 1699 per
368 1658 522 1699 quatuor
538 1654 664 1688 messis
684 1654 833 1699 angulos
852 1654 1018 1698 disponit,
1036 1658 1134 1698 puta,
1159 1654 1372 1695 Cominium,
1396 1654 1596 1694 Eunocum,
1620 1660 1672 1689 at-

289 1722 357 1756 que
374 1710 647 1755 Atquananum,
674 1721 719 1745 ex
743 1710 928 1745 Scotorum
952 1722 1090 1757 genere,
1116 1714 1285 1755 quartum
1302 1710 1513 1758 Garganum
1530 1713 1671 1746 natione

289 1767 511 1802 Britonem.”
561 1767 711 1812 Scripsit

438 1823 548 1859 Gesta
565 1824 779 1859 Columbani
797 1824 962 1871 Magistri
1222 1826 1282 1860 lib.
1302 1835 1327 1860 1.

338 1882 478 1917 Claruit
501 1893 595 1919 anno
613 1891 723 1916 DCVI.
775 1881 945 1916 Sanctum
961 1883 1067 1917 habet
1089 1894 1170 1917 eum
1195 1894 1382 1923 nonnemo,
1407 1888 1578 1928 putatque
1602 1885 1668 1917 dici

291 1939 428 1974 Enoch.
481 1939 620 1974 Colitur
638 1940 694 1973 die
714 1949 755 1973 11.
775 1940 918 1974 Octobr.
972 1940 1128 1975 Subense
1146 1940 1456 1987 Martyrologium.

753 2054 788 2088 S.
817 2054 1069 2088 ERNANUS.
1122 2053 1204 2088 464.

291 2174 310 2187 ‘⁶
326 2169 360 2202 S.
379 2168 594 2208 ERNANUs‚
612 2169 648 2202 S.
669 2168 860 2203 Columbae
878 2169 1082 2213 discipulus
1101 2169 1283 2214 presbyter
1301 2181 1340 2204 ac
1357 2171 1578 2215 praepositus
1596 2183 1669 2205 mo-

290 2227 435 2260 nasterii
459 2228 496 2259 in
521 2225 654 2259 Himba
677 2226 825 2266 insula,”
847 2227 897 2260 ait
919 2226 954 2260 S.
978 2226 1211 2261 Adamannus
1236 2227 1273 2261 in
1303 2226 1388 2262 Vita
1418 2227 1452 2261 S.
1479 2227 1670 2261 Columbae

291 2283 350 2316 lib.
372 2293 395 2316 1.
416 2294 490 2327 cap.
511 2292 644 2316 xxvn.
696 2282 845 2327 Scripsit

437 2340 714 2374 Exhortationes
732 2340 777 2374 ad
795 2340 938 2374 Fratres
957 2341 994 2374 in
1013 2340 1146 2375 Himba
1164 2340 1286 2375 Insula
1370 2343 1428 2376 lib.
1449 2352 1473 2375 1.

437 2397 480 2431 In
499 2397 674 2443 Regulam
692 2397 727 2431 S.
747 2397 787 2431 P.
807 2397 998 2431 Columbae
1371 2400 1430 2434 lib.
1451 2408 1476 2433 Ι.

340 2455 480 2490 Floruit
503 2466 596 2489 anno
621 2464 728 2489 DCVI.
782 2454 889 2489 Hunc
915 2455 1021 2490 etiarn
1048 2456 1142 2490 inter
1167 2456 1267 2491 divos
1293 2461 1470 2501 reponunt
1495 2458 1666 2497 nonnulli,
