2032 2912
318 305 380 336 148
701 298 933 333 HISTORIA
957 296 1333 330 ECCLESIASTICA

319 411 394 434 sam
412 397 601 444 promovit,
628 400 662 429 et
685 395 723 428 in
741 399 863 428 sancto
886 405 992 438 opere
1017 393 1208 432 extinctus,
1235 392 1488 426 miraculorum
1516 390 1632 436 gloria
1658 402 1714 425 co-

319 457 486 491 ruscavit.
532 454 640 487 Hunc
658 451 820 498 Anglum
838 451 924 486 facit
942 462 1130 491 nonnemo,
1149 451 1325 495 imperite,
1345 460 1425 483 cum
1444 449 1575 483 Petrus
1594 448 1715 483 Crate-

318 515 432 558 polius
449 513 580 546 diserte
598 510 743 544 Scotum
761 509 879 550 faciat,
897 514 933 544 et
951 509 1092 555 vulgari
1111 509 1286 543 versiculo
1303 512 1403 553 patet
1418 517 1427 542 :

578 599 717 638 Vulganii
732 599 819 633 Celsi,
834 609 920 637 quem
935 598 1036 637 Belgis
1051 598 1146 627 Scotia
1160 598 1249 627 misit.

317 684 475 730 Maligne
495 683 686 718 commenti
704 687 789 717 sunt
806 681 970 729 Anglum
987 681 1098 716 fuisse
1116 693 1160 716 ex
1178 681 1364 726 supposito
1383 692 1490 716 versu
1505 693 1514 716 :

578 772 719 810 Vulganii
735 771 822 806 Celsi,
837 772 888 810 qui
903 771 939 800 ad
953 781 1004 800 nos
1017 771 1149 810 procedit
1163 771 1198 800 ab
1212 770 1328 809 Anglis.

317 856 428 896 Quasi
451 855 495 889 ab
517 853 649 901 Anglis
676 855 875 899 procedere,
902 854 950 887 sit
978 865 1053 888 esse
1080 853 1255 899 Anglum,
1282 864 1363 887 cum
1390 865 1512 888 omnes
1538 859 1716 890 nostrates

314 913 618 960 peregrinationes
649 923 731 947 suas
763 912 807 945 ab
837 911 973 958 Anglia
1000 911 1209 955 inciperent.
1271 910 1333 945 An
1361 912 1496 956 aliquid
1523 913 1715 957 scripserit,

315 973 452 1018 ignoro.
1143 963 1145 965 ¹

365 1029 491 1063 Sacrae
509 1028 586 1074 ejus
605 1028 776 1073 reliquiae
801 1028 840 1061 in
866 1027 1052 1061 Lensiensi
1079 1026 1225 1060 ecclesia
1250 1031 1509 1061 conservantur
1535 1027 1573 1061 in
1598 1027 1717 1074 Belgii

314 1086 476 1126 confinio,
496 1091 531 1120 et
549 1086 678 1120 colitur
696 1086 753 1119 die
771 1094 889 1119 XXVI.
907 1084 931 1118 J
934 1085 1009 1125 ulii,
1029 1084 1175 1118 Molano
1198 1089 1233 1119 et
1252 1085 1419 1119 Ferreolo
1443 1075 1573 1120 Locrio
1595 1092 1714 1121 aucto-

314 1145 425 1179 ribus.

363 1202 443 1242 Quo
461 1213 555 1236 anno
573 1200 744 1241 floruerit,
762 1211 834 1235 non
853 1200 1080 1245 deprehendi,
1098 1204 1187 1245 puto
1205 1204 1326 1234 tamen
1347 1209 1417 1235 Mc.

713 1300 748 1334 S.
776 1298 1050 1334 CONSTANT
1056 1293 1187 1334 INUS.
1241 1299 1325 1334 246.

315 1376 350 1411 S.
371 1376 698 1412 CONSTANTINUS
714 1374 785 1409 ΙΙΙ.
805 1374 992 1408 Scotorum
1011 1385 1086 1415 rex,
1106 1373 1196 1408 Ethi
1215 1374 1258 1408 F.
1278 1375 1417 1421 ingenti
1435 1375 1509 1410 acie
1527 1376 1572 1410 ab
1586 1374 1717 1423 Anglis

316 1435 443 1475 victus,
470 1445 622 1480 regnum
648 1433 794 1478 reliquit
820 1432 1012 1466 Maleolmo
1031 1432 1060 1466 Ι.
1087 1431 1244 1466 Donaldi
1262 1432 1328 1467 VI.
1352 1433 1436 1472 filio,
1464 1438 1499 1468 et
1518 1434 1562 1468 ad
1580 1434 1626 1468 D.
1641 1434 1718 1469 An-

316 1493 430 1533 dreae,
449 1492 672 1526 sanctissimo
690 1491 884 1536 proposito,
903 1490 1118 1524 monachum
1136 1490 1266 1531 induit,
1286 1496 1320 1526 et
1335 1495 1416 1536 post
1430 1493 1561 1526 multos
1577 1492 1715 1527 labores

316 1551 515 1586 exantlatos
535 1550 687 1584 vinculis
707 1550 804 1583 vitae
822 1549 973 1582 caducae
991 1548 1141 1587 solutuS‚
1160 1549 1205 1581 ad
1223 1554 1406 1583 aeternam
1433 1549 1521 1583 abiit
1548 1550 1716 1594 quietem.

317 1608 421 1643 Hect.
451 1608 579 1642 Boeth.
610 1607 670 1642 lib.
703 1616 771 1640 XL.
806 1606 944 1640 Histor.
977 1606 1071 1640 Seot.
1100 1605 1124 1639 J
1126 1617 1205 1640 oan.
1235 1606 1406 1642 Leslaeus
1432 1607 1493 1642 lib.
1515 1616 1553 1641 V.
1582 1612 1618 1642 et
1643 1609 1716 1643 alii.

315 1666 477 1711 Scripsit,
496 1671 537 1700 ut
557 1667 698 1705 volunt,

462 1723 522 1757 Ad
541 1722 796 1757 Athelstanum
814 1721 969 1768 Angliae
987 1721 1124 1767 Regem
1143 1733 1251 1767 super
1270 1722 1360 1757 Pace
1378 1733 1459 1757 cum
1478 1722 1593 1758 Scotis
1611 1723 1673 1758 lib.
1692 1734 1717 1759 1.

512 1782 655 1816 Laudat
673 1781 739 1815 hoc
757 1792 846 1825 opus
866 1780 1030 1814 Historia
1047 1779 1185 1814 Scotica
1203 1780 1376 1815 Forduni.

462 1836 716 1874 Meditationes
735 1839 812 1884 pias
1263 1838 1324 1872 lib.
1344 1848 1370 1872 Ι.

363 1899 467 1933 Vixit
492 1898 659 1944 religioso
685 1897 813 1931 habitu
839 1896 941 1930 annis
968 1904 1101 1929 XXXV·
1128 1907 1193 1930 rex
1216 1896 1288 1930 fuit
1314 1898 1417 1932 annis
1444 1906 1481 1931 V.
1509 1898 1599 1933 obiit
1625 1910 1719 1935 anno

319 1965 570 1990 DCCCCXLIII.
602 1955 785 1989 Arnoldus
813 1954 935 1988 Uvion
958 1953 1019 1987 lib.
1041 1963 1095 1988 IV.
1122 1953 1232 2000 Ligni
1254 1954 1361 1989 Vitae
1387 1966 1463 2000 cap.
1483 1964 1555 1989 VII.
1608 1955 1720 1992 Errat

317 2026 389 2048 non
406 2015 532 2049 leviter
551 2013 752 2060 Iilgulphus
771 2012 1009 2058 Croylanden.
1031 2011 1128 2046 Hist.
1147 2023 1229 2058 pag.
1250 2022 1468 2048 CCCCXCIX.
1488 2025 1569 2048 eum
1587 2014 1626 2048 in
1644 2016 1719 2050 acie

317 2073 367 2106 ait
410 2072 637 2107 interfectum
681 2083 701 2105 a
741 2071 891 2118 Singino
933 2070 1154 2104 Wicciorum
1197 2072 1414 2106 centurione.
1484 2071 1627 2107 Colitur
1660 2083 1718 2108 XI.

320 2130 455 2164 Martii.

776 2229 810 2262 S.
839 2227 1020 2268 COMUS‚
1044 2228 1124 2262 AB.
1178 2231 1259 2266 247.

321 2302 356 2337 S.
389 2302 541 2343 Comus,
570 2304 677 2338 abbas
704 2305 742 2338 in
765 2304 884 2338 Scotia
910 2303 977 2338 sub
1002 2302 1146 2337 Aidano
1173 2303 1279 2338 VIII.
1305 2315 1398 2351 rege,
1426 2309 1629 2340 sanctorum
1660 2307 1721 2341 illo

320 2361 434 2395 ferace
453 2362 579 2400 seculo,
601 2362 849 2395 canonicorum
867 2365 979 2407 pater,
1001 2363 1142 2407 scripsit

471 2417 705 2453 Enchiridion
724 2419 874 2453 Precuin
1162 2422 1223 2456 lib.
1245 2431 1269 2455 Ι.
1289 2427 1324 2456 et
1343 2423 1423 2456 alia.
