2032 2912
711 331 887 364 GENTIS
912 328 1189 366 SCOTORUM,
1214 327 1303 361 LIB.
1326 327 1390 360 111.
1554 376 1556 379 r
1677 326 1740 357 163

400 428 542 464 Floruit
559 438 652 462 anno
671 435 842 461 DCLXVI.
885 425 990 460 Joan.
1012 423 1179 458 Leslaeus
1197 423 1258 458 lib.
1280 432 1334 457 Iv.
1353 433 1433 468 pag.
1454 430 1565 455 CLIX.

821 539 857 574 S.
885 538 1144 573 COMINIUS.
1197 536 1279 575 276.

349 658 384 692 S.
416 658 625 692 COMINIUS
657 656 853 700 discipulus
882 654 918 688 S.
950 652 1163 687 Columbani
1194 659 1413 687 memoratur
1443 664 1464 686 a
1493 652 1517 685 J
1519 663 1587 686 ona
1616 653 1742 687 abbate

349 715 453 750 Scoto
474 716 512 748 in
530 714 617 749 Vita
642 713 801 760 ejusdem
828 712 942 747 sancti
968 722 1044 755 cap.
1064 719 1156 743 XIII.
1184 714 1206 729 “
1224 709 1388 749 Quatuor
1413 710 1546 756 insigni
1572 711 1742 756 religione

349 774 445 807 viros
463 784 526 817 per
544 777 699 817 quatuor
716 770 841 804 messis
859 770 1009 815 angulos
1024 768 1192 812 disponit,
1208 772 1297 812 puta
1311 767 1527 807 Cominium,
1542 767 1741 808 Eunocum,

348 836 454 876 atque
472 829 733 875 Atquananum
751 839 796 862 ex
811 838 941 874 genere
954 826 1153 866 Scotorum,
1167 830 1337 870 quartum
1352 824 1586 871 Guorganum
1600 826 1743 860 natione

348 888 568 923 Britonem.''
603 887 696 921 Cum
709 886 883 932 magistro
897 896 940 918 ex
954 884 1073 919 Scotia
1087 895 1149 918 seu
1164 883 1340 917 Hibernia
1353 894 1526 929 egressuS,
1546 895 1564 917 e
1578 882 1743 917 Luxovio

348 957 430 981 cum
443 946 566 981 eodem
581 957 602 979 a
615 945 752 979 sicariis
770 944 950 988 expulsus,
969 942 1144 982 Turones,
1162 940 1360 986 Aureliam,
1375 940 1571 982 Namnetes,
1588 940 1744 975 Parisios

347 1004 528 1044 lustravit,
546 1014 627 1038 cum
645 1013 686 1036 eo
704 1001 911 1036 Luxovium
928 1000 1045 1041 rediit,
1063 1001 1102 1035 in
1121 1000 1308 1035 Helvetios
1326 1000 1436 1040 venit,
1460 1000 1498 1033 in
1522 999 1665 1034 Italiam
1689 1000 1745 1033 de-

348 1061 495 1096 scendit.
549 1060 699 1105 Scripsit

496 1118 591 1153 Acta
609 1118 713 1152 Beati
732 1117 852 1151 Patris
871 1116 1083 1151 Columbani
1102 1116 1266 1162 magistri
1439 1115 1501 1150 lib.
1522 1125 1546 1150 I.

397 1176 539 1211 Floruit
567 1187 661 1210 anno
692 1184 862 1209 DCLXVI.
915 1174 1054 1208 Sanctis
1083 1174 1229 1208 ascribit
1262 1173 1565 1219 Martyrologium
1591 1172 1746 1220 Angliae

349 1235 533 1269 colendum
552 1234 610 1267 die
629 1242 715 1267 XVI.
735 1233 913 1268 Octobris.

792 1347 828 1381 S.
856 1345 1161 1382 CAILTANUS.
1215 1347 1299 1384 277.

347 1464 385 1498 S.
397 1463 652 1504 CAILTANUS,
667 1463 784 1497 socius
796 1463 955 1509 ejusdem
968 1461 1174 1502 Columbae,
1192 1466 1227 1496 et
1242 1461 1450 1506 discipulus,
1466 1462 1592 1497 celebri
1607 1464 1749 1497 nomine

346 1522 448 1556 audit
465 1521 561 1565 apud
579 1520 615 1555 S.
635 1520 895 1555 Adamannum
912 1520 1058 1554 Scotum
1073 1519 1161 1553 Vita
1174 1519 1335 1565 ejusdem
1349 1521 1463 1554 sancti
1478 1531 1554 1565 cap.
1570 1530 1672 1555 XVII.
1688 1521 1748 1555 lib.

351 1588 376 1613 I.
391 1579 454 1613 ubi
469 1579 605 1613 “cellae
619 1579 863 1623 praepositus”
877 1583 1036 1613 vocatur.
1069 1576 1145 1611 Nec
1158 1577 1243 1612 alibi
1257 1578 1300 1611 de
1314 1589 1355 1612 eo
1365 1579 1481 1624 legere
1495 1580 1641 1613 memini
1653 1580 1750 1624 quic-

347 1647 467 1682 quam,
486 1637 582 1681 quod
601 1637 721 1676 sciam,
739 1637 810 1670 nisi
828 1637 924 1681 quod
950 1636 1067 1670 Bruni
1091 1634 1304 1670 collectanea
1328 1647 1410 1670 eum
1433 1636 1472 1670 i11
1496 1636 1748 1671 Sutherlandia

348 1694 512 1728 abbatem
531 1693 642 1727 fuisse
660 1693 790 1728 ferant.
844 1693 994 1738 Scripsit

495 1749 750 1785 Meditationes
1246 1751 1306 1785 lib.
1327 1760 1351 1784 1.

396 1808 538 1843 Floruit
556 1819 650 1842 anno
669 1816 778 1842 Dcvl.
817 1807 988 1842 Sanctum
1007 1809 1170 1842 nonnulli
1189 1808 1336 1843 faciunt.
1370 1808 1509 1842 Colitur
1524 1817 1615 1842 XIII.
1636 1808 1744 1843 Mart.

348 1867 436 1913 Reg.

809 1963 844 1997 S.
872 1962 1153 1999 CATALDUS.
1207 1968 1289 2002 278.

346 2040 382 2074 S.
415 2039 649 2080 CATALDUS,
680 2039 813 2074 Scotus-
838 2043 931 2078 ortu,
963 2039 1002 2072 in
1033 2039 1236 2084 Knapdalia
1265 2040 1481 2074 monasterio
1511 2040 1632 2074 Sancti
1659 2040 1744 2075 Phi-

346 2098 418 2132 lani
445 2098 626 2138 educatus,
662 2102 698 2132 et
725 2097 811 2142 quia
838 2101 944 2130 natus
974 2097 1013 2130 in
1043 2097 1181 2131 Scotiae
1211 2098 1402 2138 montanis,
1430 2109 1521 2142 quae
1550 2098 1744 2133 Hiberniae

347 2166 476 2189 nomen
503 2155 716 2195 habuerunt,
746 2154 825 2188 ideo
849 2166 871 2188 a
895 2155 1075 2189 nonnullis
1103 2154 1286 2190 Hibernus
1313 2156 1450 2197 audiit3
1478 2157 1539 2190 sed
1557 2156 1645 2191 Vita
1666 2157 1743 2202 ejus

346 2214 477 2247 diserte
502 2213 541 2247 in
573 2212 662 2247 Iona
693 2212 879 2246 Scotorum
908 2212 1026 2246 insula
1051 2217 1175 2246 natum
1202 2214 1332 2257 prodit,
1359 2225 1449 2258 quae
1476 2219 1574 2248 extat
1600 2214 1678 2248 MS.
1706 2215 1743 2248 in

346 2270 586 2305 Ambrosiana
608 2270 832 2310 bibliotheca,
856 2274 898 2304 ut
920 2281 963 2303 ex
986 2270 1098 2304 literis
1118 2270 1163 2304 R.
1183 2270 1225 2304 P.
1245 2271 1391 2317 Georgii
1414 2271 1633 2318 Archangeli
1657 2271 1743 2306 Les-

347 2328 414 2362 laei
433 2327 606 2372 Capucini
625 2332 789 2372 apparet:
815 2332 997 2372 praeterea
1020 2327 1059 2361 in
1082 2328 1301 2372 praefatione
1326 2329 1370 2363 ad
1389 2328 1653 2364 Successionem
1675 2329 1743 2364 Ec-

347 2385 472 2419 clesiae
506 2385 770 2419 Dunkeldensis
805 2384 1010 2419 Alexander
1044 2385 1169 2419 Minus
1205 2387 1394 2421 canonicus
1429 2387 1480 2421 ait
1514 2387 1610 2421 hunc
1645 2399 1742 2422 sanc-

347 2447 425 2477 tum
464 2443 502 2477 in
542 2442 865 2478 Duncaledoniensi
899 2447 1017 2478 tractu
1051 2447 1086 2477 et
1121 2443 1380 2480 Dumblanensi
1416 2445 1478 2480 diu
1513 2446 1637 2480 munia
1671 2447 1742 2490 epi-
