2032 2912
361 302 425 331 324
755 299 988 333 HISTORIA
1011 299 1386 332 ECCLESIASTICA

366 397 531 430 dovicum
549 397 593 430 de
610 395 794 436 Ambasia,
814 396 1018 440 episcopum
1043 393 1265 436 Albiensem‚
1290 394 1572 430 Carmelitanum
1598 395 1761 430 habitum

365 454 506 494 i11duit3
534 454 572 487 in
590 465 661 498 quo
679 458 802 488 sancto
819 453 915 487 vitae
933 453 1101 488 instituto
1119 452 1274 487 Mariam
1292 453 1466 499 reginam,
1480 451 1657 487 Ludovici
1673 452 1761 486 XII.

366 523 526 552 uxorem,
550 511 753 546 studiorum
771 510 959 546 fautricem
977 511 1128 551 invenit,
1146 511 1249 557 cujus
1266 511 1480 545 liberalitate
1498 511 1684 557 ingenium
1708 522 1761 545 os-

365 569 530 609 tentavit,
545 569 669 603 doctor
687 568 902 603 Sorbonicus
920 568 1059 615 ingenti
1076 567 1173 602 fama
1190 568 1434 609 renunciatus,
1450 568 1603 603 Tolosae
1620 567 1763 602 Carme-

365 628 510 662 litarum
530 628 795 669 coenobiarcha,
814 639 855 662 ac
873 628 1064 663 Francisco
1087 627 1116 663 Ι.
1144 628 1221 675 regi
1245 639 1267 662 a
1289 628 1399 662 sacris
1423 627 1687 663 confessionum
1713 639 1764 661 se-

363 686 479 720 cretis.
533 685 662 720 Edidit

508 744 565 779 De
582 743 716 789 duplici
735 743 919 779 Potestate
1261 743 1323 778 lib.
1344 753 1369 777 1.

508 802 779 836 Elucidationes
797 801 1064 837 Sententiarum
1257 801 1319 835 lib.
1340 809 1393 835 IV.

508 860 745 900 Quaestiones
762 858 973 905 Vesperales
1254 859 1316 894 lib.
1337 868 1362 893 1.

507 917 743 952 Collectiones
761 917 973 952 Sorbonicas
1253 917 1317 952 lib.
1338 926 1364 950 1.

508 975 553 1010 In
571 975 724 1010 Politica
742 974 953 1010 Aristotelis
1259 975 1321 1009 lib.
1340 982 1431 1009 VI11.

506 1033 561 1068 De
579 1033 735 1068 Animae
753 1033 923 1068 Potentia
940 1033 1074 1078 triplici
1253 1032 1316 1067 lib.
1337 1041 1362 1067 1.

506 1091 562 1125 De
580 1095 724 1126 aeterno
742 1090 879 1125 Christi
899 1090 1027 1137 Regno
1256 1091 1318 1126 lib.
1339 1100 1364 1125 1.

506 1149 692 1184 Summam
711 1149 930 1195 Theologiae
948 1160 1068 1184 sacrae
1248 1149 1310 1183 lib.
1331 1158 1357 1183 Ι.
1409 1148 1530 1184 Multa
1546 1149 1618 1184 alia
1635 1149 1760 1185 Baiae-

556 1218 599 1242 us
617 1211 814 1249 enumerat,
834 1207 897 1252 qui
915 1208 953 1241 in
971 1217 1139 1252 praesens
1156 1217 1229 1241 non
1247 1212 1302 1241 est
1319 1207 1365 1241 ad
1383 1217 1545 1242 manum.

505 1265 740 1301 Scholasticos
759 1266 797 1299 in
816 1264 994 1299 Davidem
1013 1264 1299 1300 Commentarios
1342 1265 1403 1300 lib.
1424 1274 1449 1299 1.
1502 1265 1594 1301 Sixt.
1614 1265 1759 1301 Senens-

555 1324 619 1358 lib.
638 1332 690 1358 1v.
709 1323 955 1358 Bibliothecae
972 1322 1134 1357 Sanctae.

407 1383 547 1417 Claruit
574 1391 667 1416 anno
695 1390 770 1415 MD.
797 1386 861 1416 aut
887 1385 1029 1426 praeter
1054 1385 1211 1426 propter,
1241 1390 1413 1428 magnum
1439 1382 1539 1428 genti
1566 1393 1610 1417 ac
1644 1383 1760 1417 ordini

356 1452 422 1475 suo
440 1444 694 1475 ornamentum
711 1452 722 1483 3
750 1439 813 1474 ubi
832 1439 972 1480 obierit,
993 1449 1066 1473 non
1083 1439 1250 1484 comperi.

764 1554 982 1589 THOMAS
1007 1553 1208 1589 GRAIUS.
1261 1553 1344 1589 606.

360 1672 539 1707 THOMAS
569 1672 701 1707 Graius
730 1671 1009 1712 Aberdonensis‚
1036 1675 1150 1705 matre
1176 1669 1280 1706 Elisa
1304 1670 1519 1716 Dempstera
1549 1684 1593 1707 ex
1622 1673 1760 1708 familia

357 1731 556 1771 Mureskia,
583 1729 696 1764 nobili
723 1731 799 1764 loco
825 1733 945 1769 natus,
976 1729 1034 1762 vir
1065 1729 1174 1764 sacris
1206 1729 1320 1763 literis
1356 1733 1393 1764 et
1421 1729 1678 1776 philosophicis
1706 1733 1758 1765 in-

357 1789 633 1829 structissimus,
661 1788 707 1822 ab
736 1788 883 1822 ineunte
918 1791 1034 1821 aetate
1067 1786 1114 1821 D.
1145 1786 1328 1822 Francisci
1357 1786 1532 1822 familiam
1562 1789 1756 1835 ingressus,

357 1846 607 1881 Aberdonensi
627 1846 795 1881 coenobio
813 1845 981 1890 praefuit,
1008 1849 1086 1879 tum
1109 1856 1191 1880 cum
1213 1845 1340 1892 religio
1365 1845 1561 1887 Catholica,
1585 1847 1676 1892 proh
1701 1858 1759 1882 ne-

357 1904 434 1938 fas!
462 1916 481 1938 e
510 1904 631 1939 scotia
661 1904 919 1944 eliminaretur,
951 1907 987 1938 et
1016 1903 1276 1938 haereticorum
1307 1903 1421 1939 furori
1448 1905 1602 1939 viriliter
1626 1906 1758 1939 restitit

357 1962 556 2003 scribendo,
575 1962 743 2002 docendo,
762 1962 989 2006 disputando,
1010 1962 1191 2009 egregiam
1209 1973 1335 1996 causae
1352 1962 1432 2007 piae
1451 1967 1649 1998 navaturus
1677 1975 1757 2008 ope-

329 2031 444 2071 ,ram.
497 2019 648 2066 Scripsit

507 2078 783 2114 Admonitiones
802 2079 845 2112 ad
864 2078 1067 2113 Novatores
1402 2079 1462 2114 lib.
1484 2087 1509 2113 1.

505 2136 548 2170 In
568 2138 775 2171 universam
793 2136 1001 2171 Aristotelis
1020 2135 1289 2181 Philosophiam
1401 2137 1462 2171 lib.
1482 2146 1508 2171 1.

508 2194 743 2229 Concordiam
763 2194 810 2228 D.
830 2194 993 2229 Thomae
1011 2198 1047 2229 et
1065 2193 1161 2229 Scoti
1399 2195 1460 2229 lib.
1482 2203 1506 2229 1.

504 2251 686 2296 Epistolas
705 2253 749 2287 ad
770 2252 876 2287 Cives
894 2263 978 2286 suos
1396 2252 1457 2287 lib.
1478 2262 1503 2286 1.
1531 2252 1632 2293 Quae
1650 2254 1757 2287 audio

554 2310 674 2344 omnia
691 2310 727 2344 in
746 2311 861 2344 lucem
879 2309 1017 2344 emitti:
1044 2309 1120 2354 ipse
1138 2316 1231 2345 certe
1258 2311 1380 2345 sedulo
1407 2315 1490 2345 ante
1515 2311 1653 2346 obitum
1681 2322 1755 2346 cor-

557 2367 652 2401 rexit
669 2368 822 2414 singula,
840 2379 881 2402 ac
898 2367 1084 2412 disposuit.

506 2423 550 2459 In
568 2423 700 2460 Libros
717 2425 985 2460 Sententiarum
1401 2427 1461 2461 lib.
1483 2435 1535 2460 lv.
