2032 2912
680 344 856 377 GENTIS
882 344 1159 383 SCOTORUM‚
1185 344 1274 377 LIB.
1300 344 1358 376 IV.
1649 345 1712 374 ‘223

614 497 876 532 HENRICUS
902 497 971 531 DE
998 497 1146 532 DOMO
1172 497 1273 532 DEI.
1327 499 1409 535 407.

317 619 337 634 ‘⁶
357 614 576 648 HENRICUS
594 613 637 646 de
654 612 772 647 Domo
790 612 857 646 Dei
872 612 1029 653 Scotus,”
1049 613 1167 658 inquit
1180 613 1350 648 Nicolaus
1364 614 1572 648 Paschalius
1586 613 1710 648 Alido-

315 673 400 711 sius,
420 677 441 692 “
459 671 642 706 Bononiae
655 670 717 715 jus
735 670 838 704 civile
857 671 951 705 claro
968 671 1112 706 nomine
1136 676 1172 705 et
1196 682 1327 717 magna
1349 671 1550 717 frequentia
1576 671 1709 717 profes-

315 731 408 763 sus.’'
460 728 622 773 Scripsit,
642 728 764 762 eodem
782 733 937 769 auctore,

463 786 698 826 Quaestiones
716 786 755 819 in
772 785 861 820 Jure
1208 787 1269 821 lib.
1290 797 1315 821 1.

461 844 605 879 Glossas
623 845 662 878 in
680 843 794 890 Leges
1208 846 1269 880 lib.
1291 855 1314 879 1.

363 901 521 936 Docebat
538 900 722 936 Bononiae
739 911 833 935 anno
852 909 1070 937 MCCLXXX.

799 1017 1088 1053 DONALDUS.
1143 1021 1225 1053 408.

313 1134 555 1174 DONALDUS,
576 1134 762 1168 Scotorum
781 1134 819 1168 in
843 1133 890 1167 D.
908 1133 1033 1168 Jacobi
1058 1134 1209 1180 Majoris
1235 1134 1423 1179 Herbipoli
1446 1135 1709 1175 coenobiarcha,

313 1191 498 1225 ordinatus
516 1192 561 1226 ab
578 1190 729 1226 Alberto
749 1192 792 1225 de
812 1191 1036 1232 Hohenlohe‚
1061 1194 1225 1238 episcopo
1246 1192 1507 1237 Herbipolensi.
1561 1193 1710 1238 Scripsit

463 1249 763 1284 Exhortationem
782 1251 827 1284 ad
845 1249 951 1284 Cives
971 1250 1249 1295 Herbipolenses
1450 1252 1513 1286 lib.
1535 1261 1559 1285 1.
1579 1252 1640 1296 qui
1660 1263 1711 1285 re-

497 1308 730 1342 bellaverant
764 1307 809 1341 ab
844 1308 1008 1352 episcopo
1039 1319 1114 1347 suo,
1148 1309 1210 1342 sed
1239 1310 1347 1355 longo
1386 1309 1580 1343 obsidionis
1620 1311 1712 1343 malo

511 1365 649 1405 domiti,
676 1365 883 1399 interventu
910 1365 1030 1399 Caroli
1056 1365 1284 1410 imperatoris
1315 1367 1354 1400 in
1383 1367 1537 1412 gratiam
1564 1377 1645 1401 cum
1672 1379 1712 1400 eo

511 1422 707 1457 redierunt.

362 1479 525 1515 Praefuit
543 1480 646 1514 annis
665 1489 790 1514 XXIII.
816 1491 909 1514 anno
929 1489 1203 1516 MCCCLXXXV.
1256 1480 1460 1516 Chronicon
1484 1482 1570 1516 dicti
1595 1493 1714 1517 mona-

310 1539 421 1573 sterii.

857 1653 1032 1689 DAVID.
1086 1657 1168 1693 409.

313 1771 464 1810 DAVID,
483 1770 642 1816 ejusdem
661 1769 820 1803 coenobii
839 1770 958 1810 abbas,
975 1769 1144 1804 Thadaeo
1158 1782 1347 1810 successor,
1369 1772 1470 1817 cujus
1485 1772 1575 1806 libro
1590 1781 1709 1806 XV111.

313 1828 447 1863 mentio
466 1839 487 1861 a
503 1838 560 1860 me
578 1826 683 1867 facta,
702 1838 783 1860 cum
802 1836 892 1861 VIII.
912 1828 1015 1861 annis
1034 1828 1291 1862 monasterium
1316 1829 1412 1863 istud
1436 1830 1577 1875 egregie
1601 1831 1711 1864 rexis-

313 1890 377 1926 set,
396 1886 440 1919 ad
458 1885 721 1919 Ratisbonense
738 1886 997 1919 monasterium
1015 1885 1203 1920 Scotorum
1224 1887 1430 1927 translatus,
1454 1899 1622 1934 magnam
1640 1890 1710 1933 pri-

314 1943 530 1989 vilegiorum
547 1947 686 1987 partem
706 1954 824 1977 secum
843 1944 1069 1977 transtulisse
1086 1944 1305 1988 perhibetur.
1363 1944 1451 1979 Fuit
1465 1950 1583 1979 autem
1603 1946 1709 1981 abbas

313 1996 598 2035 numero‘xxlx.
639 2000 843 2035 Chronicon
860 2001 1056 2036 laudatum.
1096 2001 1190 2047 Ejus
1209 2002 1379 2036 dicuntur
1396 2005 1570 2037 asservari
1590 2004 1709 2038 Ratis-

314 2060 436 2099 bonae,

464 2115 508 2149 In
527 2115 748 2150 Hieremiam
766 2115 1023 2151 Commentarii
1206 2118 1267 2152 lib.
1288 2128 1312 2152 I.

364 2173 516 2208 Creatus
535 2179 589 2208 est
606 2174 755 2208 antistes
774 2185 867 2208 anno
893 2183 1160 2209 MccceLXXV.
1187 2176 1330 2221 quando
1357 2176 1494 2218 obierit,
1522 2189 1593 2212 non
1617 2189 1710 2213 com-

314 2243 401 2277 peri.

770 2330 806 2365 S.
835 2330 1119 2367 DAMIANUS.
1172 2335 1256 2368 410.

316 2405 352 2439 S.
389 2405 619 2439 DAMIANUS
661 2405 857 2451 presbyter,
902 2406 1074 2441 Merinati
1117 2408 1256 2442 diaconi
1290 2420 1494 2455 germanus,
1538 2411 1708 2452 Gelasiae‚

317 2463 463 2504 Merini,
497 2463 680 2503 Merinati,
711 2462 870 2505 Eusebii,
902 2464 935 2498 T
937 2464 1110 2506 hebaculi,
1145 2465 1324 2512 Sylvanei,
1360 2472 1395 2502 et
1425 2468 1544 2510 Nerei,
1576 2475 1710 2505 coaeta-

983 2525 1005 2556 2
1025 2532 1053 2557 G
