2032 2912
691 359 867 392 GENTlS
892 358 1168 397 SCOTORUM‚
1194 357 1283 391 LIB.
1312 358 1348 389 V.
1645 359 1708 388 255

466 451 521 487 De
539 453 756 498 Corporibus
775 453 890 497 planis
1258 454 1318 487 lib.
1340 462 1364 487 1.

466 510 739 556 Disputationes
757 511 800 543 de
819 510 925 544 Coelo
1258 511 1318 545 lib.
1340 520 1364 544 1.

369 567 507 602 Claruit
525 579 617 602 anno
640 575 791 601 mcecx.
816 567 905 601 obiit
922 567 1111 602 Ambianis
1129 568 1355 602 ecclesiastes.
1409 568 1590 607 Quaedam
1610 568 1704 602 illius

318 626 537 669 prodierunt.

736 725 772 759 S.
795 722 1149 758 EDILWALDUS.
1202 722 1284 762 469.

319 802 341 817 “
354 796 389 830 S.
405 796 701 838 Emmvmmus,
719 799 906 845 religiosus
924 797 1119 842 presbyter,
1138 798 1302 832 minister
1319 799 1387 832 viri
1402 799 1469 833 Dei
1483 799 1703 839 Cuthberti‚’'

319 859 359 888 ut
377 853 485 888 refert
503 855 541 888 in
558 854 645 889 Vita
663 856 758 890 illius
777 856 877 890 Beda
894 867 969 900 cap.
989 864 1091 889 xxx.
1118 855 1213 900 apud
1239 854 1384 889 Surium
1407 862 1491 890 tom.
1513 867 1555 891 11.
1582 863 1704 901 postea

319 922 403 946 vero
420 911 528 945 abbas
547 912 802 948 Mailrosensis.
838 913 930 947 Erat
943 913 1009 947 hoc
1022 913 1277 947 monasterium
1295 914 1332 947 in
1351 925 1437 960 agro
1455 915 1651 954 Scotorum,
1665 921 1705 949 ut

319 980 422 1014 saepe
439 970 505 1003 hoc
523 981 627 1014 opere
651 971 830 1011 admonui,
852 971 1081 1005 seminarium
1100 969 1161 1004 SS.
1181 971 1341 1005 virorum
1358 971 1627 1012 feracissimum,
1646 974 1706 1006 sed

320 1026 382 1066 illi,
401 1028 494 1060 malo
512 1026 650 1062 Scotiae
673 1027 758 1069 fato,
783 1040 847 1073 pro
870 1028 1001 1074 Anglis
1025 1027 1069 1062 ab
1087 1028 1273 1072 imperitis,
1298 1029 1476 1074 malignis,
1494 1034 1556 1064 aut
1574 1031 1703 1064 exteris

319 1086 551 1130 scriptoribus
576 1086 702 1126 habiti,
730 1098 810 1121 cum
834 1091 955 1121 tamen
977 1085 1184 1120 coenobium
1207 1086 1297 1120 illud
1319 1086 1427 1120 etiam
1451 1087 1556 1121 hodie
1578 1098 1706 1122 nomen

318 1143 470 1177 retineat
496 1144 533 1177 in
559 1143 688 1185 Scotia‚
714 1150 750 1179 et
773 1156 814 1179 eo
836 1145 953 1178 seculo
979 1143 1073 1177 Scoti
1100 1153 1221 1176 omnes
1249 1143 1395 1177 vicinias
1421 1145 1639 1185 erudiebant,
1666 1151 1706 1179 ut

320 1212 422 1245 saepe
440 1201 505 1235 hoc
522 1212 626 1246 opere
643 1202 844 1246 probatum,
862 1212 925 1235 nec
942 1200 1081 1246 Anglos
1099 1201 1172 1234 ulla
1189 1200 1325 1234 ratione
1338 1201 1376 1234 in
1389 1200 1544 1235 Scotiam
1558 1202 1706 1248 migras-

319 1269 366 1291 se.
427 1257 660 1292 Postmodum
694 1258 944 1293 Lindisfarnae
972 1258 1266 1302 archiepiscopus,
1304 1258 1447 1293 sedebat
1483 1258 1705 1294 Edilwaldus

322 1322 443 1350 noster
460 1316 546 1349 dum
564 1315 664 1350 Beda
681 1317 866 1356 scribebat,
885 1320 921 1350 et
937 1315 1079 1359 scripsit

468 1373 523 1407 De
540 1372 644 1408 Actis
663 1373 699 1407 S.
718 1373 909 1408 Cuthberti
1255 1372 1315 1406 lib.
1336 1381 1361 1406 1.

466 1430 521 1464 De
539 1430 765 1465 Successione
782 1430 966 1464 Abbatum
984 1430 1022 1464 in
1039 1430 1189 1464 Mailros
1256 1429 1317 1464 lib.
1338 1439 1363 1463 1.
1412 1430 1580 1465 Meminit
1597 1431 1706 1465 Beda.

362 1487 503 1522 Floruit
514 1498 608 1521 anno
620 1496 803 1522 Dccnxn.
816 1491 879 1521 aut
886 1487 1261 1521 westmonasteriensi
1272 1487 1302 1521 si
1315 1487 1435 1522 credas
1446 1496 1708 1523 Dccxxxv111.

320 1544 498 1579 Trithem.
517 1545 578 1579 lib.
598 1554 654 1579 Iv.
671 1544 751 1580 Vir.
769 1545 820 1578 ill.
838 1555 915 1589 cap.
934 1553 1110 1579 chmx.

775 1658 1114 1694 EUSTATHIUS.
1167 1661 1249 1697 470.

321 1775 587 1809 EUSTATHIIJS
605 1775 712 1809 abbas
729 1773 1041 1815 Aberbrothensis,
1060 1774 1181 1818 paucis
1199 1775 1334 1808 clericis
1350 1776 1501 1815 asseclis,
1519 1776 1708 1811 comitante

322 1832 468 1867 Udardo
480 1833 644 1877 episcopo
658 1831 902 1871 Brechinensi,
921 1836 942 1850 ‘⁶
956 1836 1068 1866 totam
1082 1831 1236 1865 Scotiam
1251 1832 1356 1876 pedes
1369 1834 1547 1874 lustravit,
1562 1834 1709 1868 verbum

321 1889 468 1924 Domini
499 1890 709 1930 seminans,”
744 1889 796 1922 ait
831 1888 880 1922 H.
911 1888 1085 1923 Boethius
1116 1889 1176 1923 lib.
1209 1898 1301 1923 XIII.
1334 1889 1472 1925 Histor.
1505 1890 1597 1926 Scot.
1629 1902 1708 1937 pag.

324 1954 525 1979 CCLxxnI.
578 1945 728 1990 Scripsit

473 2002 596 2037 Vitam
614 2002 764 2037 Davidis
783 2002 893 2048 Regis
1261 2005 1323 2039 lib.
1343 2014 1368 2039 1.

469 2061 594 2096 Vitam
612 2060 799 2094 Wilhelmi
818 2059 928 2106 Regis
1259 2063 1319 2097 lib.
1340 2071 1366 2096 1.

472 2118 716 2152 Homiliarum
734 2118 874 2163 insigne
892 2128 980 2162 opus
1213 2116 1218 2122 '
1261 2120 1322 2155 lib.
1343 2130 1368 2154 1.

471 2176 515 2210 In
532 2175 774 2221 Evangelium
793 2174 912 2209 Lucae
1259 2178 1319 2212 lib.
1340 2188 1364 2212 1.

372 2233 513 2268 Floruit
530 2244 624 2268 anno
643 2241 816 2267 Mecxvl.

786 2332 823 2366 S.
849 2331 1111 2368 EUSEBIUS.
1164 2336 1248 2372 471.

322 2407 358 2442 S.
395 2407 600 2442 EUSEBIUS
642 2406 836 2441 monachus
879 2418 920 2441 ea
961 2412 1171 2452 tempestate
1218 2409 1257 2443 in
1295 2408 1414 2444 Scotia
1452 2410 1639 2445 sanctitate
1677 2416 1712 2445 et

321 2466 482 2500 doctrina
521 2464 687 2510 pollebat,
726 2475 798 2509 qua
831 2463 868 2499 S.
903 2464 1071 2500 Andreae
1109 2467 1259 2511 apostoli
1295 2467 1478 2502 brachium
1517 2479 1597 2502 cum
1636 2469 1713 2502 aliis

964 2525 986 2556 2
1006 2531 1030 2556 L
