2032 2912
325 315 365 346 70
705 307 936 342 HISTORIA
961 306 1158 339 ECCLESI
1163 305 1270 339 ASTI
1274 306 1335 338 CA

327 408 391 448 xit,
411 406 506 452 quod
528 405 642 440 multa
664 414 772 448 opera
793 402 860 437 sub
883 402 1006 436 eodem
1032 401 1139 436 titulo
1164 405 1314 446 uterque
1338 400 1589 445 composuerit,
1615 405 1656 435 ut
1681 411 1725 434 ex

328 464 402 498 vita
424 464 485 497 illa
510 462 653 497 laudata
677 461 800 505 liquet.
853 459 906 494 Et
927 463 1048 493 noster
1071 459 1217 504 quidem
1240 458 1382 503 scripsit
1406 457 1605 498 innumera,
1633 469 1725 502 quae

327 519 420 565 apud
438 519 648 554 Sabellicum
666 522 701 552 et
719 517 997 553 Volaterranum
1015 517 1101 551 locis
1119 516 1224 550 dictis
1242 516 1444 556 videantur,
1462 515 1645 560 publicata
1666 526 1724 549 ve-

326 587 366 611 ro
389 587 460 611 uno
483 581 641 620 tempore
663 575 821 615 fuerunt,
845 579 886 609 ut
910 585 954 608 ex
977 573 1157 619 Polydoro
1174 573 1330 620 Virgilio
1348 573 1428 608 libr.
1451 582 1505 607 1v.
1532 572 1629 607 Hist.
1649 572 1725 606 An-

327 634 405 680 glic.
425 634 617 680 colligitur,
634 633 875 677 extabantque
892 632 931 666 in
949 631 1058 666 Maia.
1115 630 1231 665 Index
1250 631 1331 665 loci.

476 689 678 738 [Historia]
698 689 949 724 Ecclesiastica
965 687 1091 723 Gentis
1109 687 1314 734 Anglorum
1366 688 1428 723 lib.
1448 696 1485 722 V.

473 747 517 782 In
535 747 628 782 Acta
644 747 901 792 Apostolorum
980 785 985 790 ι
1372 745 1433 780 lib.
1454 755 1480 780 1.

474 805 518 839 In
536 804 775 851 Evangelium
795 803 908 837 Marci
1371 802 1431 836 lib.
1452 811 1477 836 1.

473 862 528 896 De
546 860 783 906 Temporibus
1371 859 1432 893 lib.
1453 868 1479 892 1.

476 918 656 952 Homiliae
1368 915 1429 951 lib.
1450 925 1476 950 1.

474 974 519 1009 In
537 983 608 1008 vn.
627 973 809 1018 Epistulas
827 972 1026 1007 Canonicas
1367 972 1429 1007 lib.
1450 981 1475 1007 1.

473 1031 518 1066 In
535 1030 792 1075 Apocalypsim
1365 1029 1427 1064 lib.
1447 1038 1508 1064 111.

472 1088 517 1122 In
535 1087 700 1122 Genesim
1367 1086 1429 1121 lib.
1449 1095 1476 1121 1.

471 1144 516 1179 In
533 1152 604 1179 vn.
623 1143 732 1177 libros
751 1142 895 1189 Regum
1368 1144 1430 1179 lib.
1450 1153 1475 1180 1.

373 1202 447 1237 Ista
465 1212 549 1237 vero
566 1200 809 1244 manuscripta
825 1204 949 1234 extant
968 1199 1101 1235 Oxonii
1123 1206 1159 1236 et
1176 1201 1455 1249 Cantabrigiae:

473 1258 517 1294 In
535 1258 703 1293 Exodum
721 1268 743 1291 a
760 1268 835 1302 cap.
855 1266 974 1293 xxw.
992 1258 1037 1292 ad
1056 1267 1162 1292 xxx.

471 1317 526 1351 De
544 1315 694 1360 Templo
712 1314 910 1350 Salomonis
1368 1317 1429 1352 lib.
1449 1327 1474 1352 1.

474 1373 529 1408 De
541 1373 676 1419 Figura
688 1371 917 1413 Utensilium,
928 1371 1119 1414 Vasorum,
1131 1379 1167 1409 et
1177 1373 1354 1415 Vestium,
1367 1375 1429 1410 lib.
1450 1384 1474 1410 1.

474 1431 518 1466 In
535 1430 776 1476 Evangelium
794 1428 914 1464 Lucae
1366 1433 1427 1468 lib.
1447 1442 1501 1468 v1.

473 1488 756 1523 Retractationes
773 1487 812 1521 in
829 1486 924 1522 Acta
941 1486 1202 1532 Apostolorum
1366 1490 1427 1525 lib.
1448 1500 1473 1524 1.

470 1546 691 1581 Collectanea
708 1556 752 1579 ex
770 1544 806 1580 S.
825 1544 1047 1591 Augustino.

374 1604 465 1639 Vide
482 1604 586 1649 plura
604 1603 699 1648 apud
716 1602 894 1637 Joannem
912 1602 1096 1638 Pitsaeum
1114 1608 1231 1639 aetate
1249 1613 1339 1639 vln.

375 1662 475 1696 Obiit
493 1671 585 1695 anno
603 1661 729 1695 aetatis
746 1661 941 1695 secundum
959 1661 1134 1706 quosdam
1152 1670 1287 1696 Lxxn.
1312 1663 1391 1698 aliis
1414 1675 1526 1710 usque
1543 1666 1588 1700 ad
1608 1675 1719 1701 xe1v.

325 1731 457 1754 annum
488 1730 565 1753 eum
598 1718 730 1753 vixisse
759 1717 988 1760 testantibus,
1019 1719 1115 1764 quod
1145 1720 1377 1764 probabilius.
1429 1721 1506 1757 Nec
1535 1724 1653 1758 minor
1683 1725 1721 1758 in

324 1778 406 1811 anni
423 1776 675 1821 supputatione
692 1775 892 1810 difficultas.
944 1775 1151 1823 Sigebertus
1168 1777 1279 1812 refert
1302 1779 1340 1813 in
1364 1790 1499 1815 annum
1518 1789 1719 1816 Dccxxxl.

323 1835 410 1869 falso
448 1845 542 1868 sane.
593 1833 733 1868 Auctor
770 1833 866 1868 vitae
903 1834 1017 1879 ipsius
1050 1840 1146 1879 'quae
1175 1835 1318 1880 scriptis
1348 1838 1592 1883 praeponitur,
1627 1851 1721 1874 anno

322 1900 550 1926 Dccxxxw.
578 1891 639 1925 sed
665 1891 784 1925 verius
810 1895 864 1925 est
889 1891 1022 1926 vixisse
1048 1903 1129 1926 eum
1156 1893 1201 1927 ad
1226 1904 1361 1929 annum
1388 1896 1494 1930 salut.
1522 1904 1720 1933 Dchxw.

324 1955 364 1983 ut
383 1949 519 1983 erudite
537 1949 672 1994 colligit
689 1948 820 1983 Caesar
844 1949 1023 1984 Bai-onius
1046 1954 1134 1984 tom.
1155 1958 1212 1984 lx.
1237 1950 1372 1987 Annal.
1397 1964 1480 2000 pag.
1506 1962 1586 1988 CVI.
1614 1959 1649 1988 et
1676 1956 1721 1988 ad

326 2015 457 2040 xxvn.
477 2006 565 2040 Maii
583 2006 621 2039 in
640 2005 902 2052 Martyrologio
930 2006 1104 2048 Romano,
1130 2019 1202 2053 quo
1228 2009 1285 2043 die
1312 2010 1389 2056 ejus
1416 2013 1720 2047 commemoratio-

326 2075 405 2097 nem
424 2064 568 2097 ecclesia
584 2063 749 2098 celebrat.

767 2179 802 2214 S.
830 2178 1139 2216 BERTUINUS.
1195 2184 1277 2221 129.

326 2292 387 2325 DE
425 2292 460 2325 S.
502 2293 676 2329 Bertuino
715 2295 861 2330 unicum
899 2296 1048 2331 sufficiet
1090 2296 1266 2344 Sigeberti
1310 2298 1575 2336 Gemblacensis
1617 2314 1719 2338 enco-

326 2349 449 2383 mium.
503 2355 524 2369 “
542 2350 691 2386 Praeter
715 2352 791 2394 hos,
819 2358 856 2388 et
881 2354 942 2388 alii
969 2354 1073 2389 multi
1099 2355 1143 2389 de
1168 2355 1315 2403 Anglia‚
1343 2358 1399 2392 vel
1424 2357 1543 2393 Scotia
1573 2359 1611 2394 in
1641 2360 1718 2395 An-

326 2406 407 2450 gliis
437 2408 712 2454 peregrinantes,
746 2410 893 2446 verbum
933 2411 1001 2447 Dei
1032 2413 1269 2455 seminabant,
1301 2417 1526 2461 multumque
1560 2416 1718 2453 fructum
