<?xml version="1.0" encoding="UTF-8"?>
<!DOCTYPE html PUBLIC "-//W3C//DTD XHTML 1.0 Transitional//EN"
    "http://www.w3.org/TR/xhtml1/DTD/xhtml1-transitional.dtd">
<html xmlns="http://www.w3.org/1999/xhtml" xml:lang="en" lang="en">
 <head>
  <title>
</title>
<meta http-equiv="Content-Type" content="text/html;charset=utf-8" />
  <meta name='ocr-system' content='tesseract 3.04.00' />
  <meta name='ocr-capabilities' content='ocr_page ocr_carea ocr_par ocr_line ocrx_word'/>
</head>
<body>
  <div class='ocr_page' id='page_1' title='image "./thomaedempste2101dempuoft_0243.png"; bbox 0 0 2032 2912; ppageno 0'>
   <div class='ocr_carea' id='block_1_1' title="bbox 715 339 1754 380">
    <p class='ocr_par' dir='ltr' id='par_1_1' title="bbox 715 339 1754 380">
     <span class='ocr_line' id='line_1_1' title="bbox 715 339 1754 380; baseline -0.001 -7"><span class='ocrx_word' id='word_1_1' title='bbox 715 340 891 373; x_wconf 90' lang='lat' dir='ltr'><strong>GENTIS</strong></span> <span class='ocrx_word' id='word_1_2' title='bbox 917 339 1195 380; x_wconf 86' lang='lat' dir='ltr'><strong>SCOTORUM,</strong></span> <span class='ocrx_word' id='word_1_3' title='bbox 1220 340 1310 373; x_wconf 88' lang='lat' dir='ltr'><strong>LIB.</strong></span> <span class='ocrx_word' id='word_1_4' title='bbox 1334 340 1399 373; x_wconf 94' lang='lat' dir='ltr'><strong>III.</strong></span> <span class='ocrx_word' id='word_1_5' title='bbox 1693 341 1754 373; x_wconf 90' lang='lat'><strong>181</strong></span> 
     </span>
    </p>
   </div>
   <div class='ocr_carea' id='block_1_2' title="bbox 354 434 1753 654">
    <p class='ocr_par' dir='ltr' id='par_1_2' title="bbox 354 434 1753 654">
     <span class='ocr_line' id='line_1_2' title="bbox 359 434 1753 481; baseline 0.001 -13"><span class='ocrx_word' id='word_1_6' title='bbox 359 435 429 469; x_wconf 90' lang='lat' dir='ltr'><strong>Hic</strong></span> <span class='ocrx_word' id='word_1_7' title='bbox 447 434 573 469; x_wconf 86' lang='lat' dir='ltr'><strong>Scotus</strong></span> <span class='ocrx_word' id='word_1_8' title='bbox 591 434 700 468; x_wconf 90' lang='lat' dir='ltr'><strong>fuerit</strong></span> <span class='ocrx_word' id='word_1_9' title='bbox 718 446 836 473; x_wconf 83' lang='lat' dir='ltr'><strong>necne,</strong></span> <span class='ocrx_word' id='word_1_10' title='bbox 855 435 1017 470; x_wconf 85' lang='lat' dir='ltr'><strong>divinare</strong></span> <span class='ocrx_word' id='word_1_11' title='bbox 1035 447 1106 470; x_wconf 91' lang='lat' dir='ltr'><strong>non</strong></span> <span class='ocrx_word' id='word_1_12' title='bbox 1124 436 1294 476; x_wconf 86' lang='lat' dir='ltr'><strong>sustineo,</strong></span> <span class='ocrx_word' id='word_1_13' title='bbox 1312 439 1348 469; x_wconf 86' lang='lat' dir='ltr'><strong>et</strong></span> <span class='ocrx_word' id='word_1_14' title='bbox 1367 436 1482 470; x_wconf 88' lang='lat' dir='ltr'><strong>solum</strong></span> <span class='ocrx_word' id='word_1_15' title='bbox 1500 435 1753 481; x_wconf 88' lang='lat' dir='ltr'><strong>infirmumque</strong></span> 
     </span>
     <span class='ocr_line' id='line_1_3' title="bbox 356 492 1751 539; baseline 0 -12"><span class='ocrx_word' id='word_1_16' title='bbox 356 498 410 527; x_wconf 85' lang='lat' dir='ltr'><strong>est</strong></span> <span class='ocrx_word' id='word_1_17' title='bbox 427 505 448 527; x_wconf 93' lang='lat' dir='ltr'><strong>a</strong></span> <span class='ocrx_word' id='word_1_18' title='bbox 465 493 607 527; x_wconf 90' lang='lat' dir='ltr'><strong>nomine</strong></span> <span class='ocrx_word' id='word_1_19' title='bbox 623 497 888 538; x_wconf 85' lang='lat' dir='ltr'><strong>argumentum.</strong></span> <span class='ocrx_word' id='word_1_20' title='bbox 940 492 1133 537; x_wconf 87' lang='lat' dir='ltr'><strong>Utcunque</strong></span> <span class='ocrx_word' id='word_1_21' title='bbox 1156 494 1313 527; x_wconf 83' lang='lat' dir='ltr'><strong>extincto</strong></span> <span class='ocrx_word' id='word_1_22' title='bbox 1338 493 1465 527; x_wconf 90' lang='lat' dir='ltr'><strong>Carolo</strong></span> <span class='ocrx_word' id='word_1_23' title='bbox 1489 492 1625 539; x_wconf 88' lang='lat' dir='ltr'><strong>Magno</strong></span> <span class='ocrx_word' id='word_1_24' title='bbox 1648 493 1751 538; x_wconf 93' lang='lat' dir='ltr'><strong>hym-</strong></span> 
     </span>
     <span class='ocr_line' id='line_1_4' title="bbox 355 550 1752 597; baseline 0.001 -13"><span class='ocrx_word' id='word_1_25' title='bbox 355 561 443 586; x_wconf 92' lang='lat' dir='ltr'><strong>num</strong></span> <span class='ocrx_word' id='word_1_26' title='bbox 461 551 562 584; x_wconf 84' lang='lat' dir='ltr'><strong>illmn</strong></span> <span class='ocrx_word' id='word_1_27' title='bbox 580 550 765 589; x_wconf 86' lang='lat' dir='ltr'><strong>scribebat,</strong></span> <span class='ocrx_word' id='word_1_28' title='bbox 784 560 867 583; x_wconf 86' lang='lat' dir='ltr'><strong>nam</strong></span> <span class='ocrx_word' id='word_1_29' title='bbox 885 550 1048 583; x_wconf 87' lang='lat' dir='ltr'>meminit</span> <span class='ocrx_word' id='word_1_30' title='bbox 1069 551 1300 595; x_wconf 84' lang='lat' dir='ltr'><strong>exequiarum</strong></span> <span class='ocrx_word' id='word_1_31' title='bbox 1328 550 1551 597; x_wconf 86' lang='lat' dir='ltr'><strong>Aquisgrani</strong></span> <span class='ocrx_word' id='word_1_32' title='bbox 1578 552 1609 586; x_wconf 89' lang='lat' dir='ltr'><strong>ei</strong></span> <span class='ocrx_word' id='word_1_33' title='bbox 1633 562 1752 596; x_wconf 90' lang='lat' dir='ltr'><strong>perso-</strong></span> 
     </span>
     <span class='ocr_line' id='line_1_5' title="bbox 354 608 1751 654; baseline 0.001 -12"><span class='ocrx_word' id='word_1_34' title='bbox 354 609 512 642; x_wconf 88' lang='lat' dir='ltr'><strong>lutarum</strong></span> <span class='ocrx_word' id='word_1_35' title='bbox 530 608 622 641; x_wconf 90' lang='lat' dir='ltr'><strong>circa</strong></span> <span class='ocrx_word' id='word_1_36' title='bbox 640 618 773 641; x_wconf 88' lang='lat' dir='ltr'><strong>annum</strong></span> <span class='ocrx_word' id='word_1_37' title='bbox 794 615 986 641; x_wconf 82' lang='lat' dir='ltr'>DCCCXIV.</span> <span class='ocrx_word' id='word_1_38' title='bbox 1009 608 1070 641; x_wconf 91' lang='lat' dir='ltr'><strong>sed</strong></span> <span class='ocrx_word' id='word_1_39' title='bbox 1088 618 1134 641; x_wconf 91' lang='lat' dir='ltr'><strong>an</strong></span> <span class='ocrx_word' id='word_1_40' title='bbox 1151 608 1210 642; x_wconf 87' lang='lat' dir='ltr'><strong>hic</strong></span> <span class='ocrx_word' id='word_1_41' title='bbox 1233 608 1279 642; x_wconf 89' lang='lat' dir='ltr'><strong>ad</strong></span> <span class='ocrx_word' id='word_1_42' title='bbox 1304 609 1483 653; x_wconf 90' lang='lat' dir='ltr'><strong>peculium</strong></span> <span class='ocrx_word' id='word_1_43' title='bbox 1509 621 1628 644; x_wconf 87' lang='lat' dir='ltr'><strong>meum</strong></span> <span class='ocrx_word' id='word_1_44' title='bbox 1654 619 1751 654; x_wconf 89' lang='lat' dir='ltr'><strong>spec-</strong></span> 
     </span>
    </p>
   </div>
   <div class='ocr_carea' id='block_1_3' title="bbox 354 664 1173 711">
    <p class='ocr_par' dir='ltr' id='par_1_3' title="bbox 354 664 1173 711">
     <span class='ocr_line' id='line_1_6' title="bbox 354 664 1173 711; baseline -0.001 -11"><span class='ocrx_word' id='word_1_45' title='bbox 354 673 416 706; x_wconf 87' lang='lat' dir='ltr'><strong>tet,</strong></span> <span class='ocrx_word' id='word_1_46' title='bbox 436 666 588 700; x_wconf 85' lang='lat' dir='ltr'><strong>aliorum</strong></span> <span class='ocrx_word' id='word_1_47' title='bbox 608 665 677 698; x_wconf 90' lang='lat' dir='ltr'><strong>erit</strong></span> <span class='ocrx_word' id='word_1_48' title='bbox 694 675 854 699; x_wconf 87' lang='lat' dir='ltr'><strong>censura.</strong></span> <span class='ocrx_word' id='word_1_49' title='bbox 907 664 989 711; x_wconf 87' lang='lat' dir='ltr'><strong>Ego</strong></span> <span class='ocrx_word' id='word_1_50' title='bbox 1007 665 1173 699; x_wconf 88' lang='lat' dir='ltr'><strong>delibero.</strong></span> 
     </span>
    </p>
   </div>
   <div class='ocr_carea' id='block_1_4' title="bbox 735 779 1363 815">
    <p class='ocr_par' dir='ltr' id='par_1_4' title="bbox 735 779 1363 815">
     <span class='ocr_line' id='line_1_7' title="bbox 735 779 1363 815; baseline 0 -1"><span class='ocrx_word' id='word_1_51' title='bbox 735 780 847 814; x_wconf 91' lang='lat' dir='ltr'>GUL.</span> <span class='ocrx_word' id='word_1_52' title='bbox 874 779 1226 815; x_wconf 89' lang='lat' dir='ltr'><strong>CHEYSOLMUS.</strong></span> <span class='ocrx_word' id='word_1_53' title='bbox 1280 782 1363 815; x_wconf 83' lang='lat'>315.</span> 
     </span>
    </p>
   </div>
   <div class='ocr_carea' id='block_1_5' title="bbox 350 896 1751 1060">
    <p class='ocr_par' dir='ltr' id='par_1_5' title="bbox 350 896 1751 1060">
     <span class='ocr_line' id='line_1_8' title="bbox 351 896 1751 944; baseline 0.001 -14"><span class='ocrx_word' id='word_1_54' title='bbox 351 896 601 931; x_wconf 79' lang='lat' dir='ltr'><strong>GULIELMUS</strong></span> <span class='ocrx_word' id='word_1_55' title='bbox 620 896 866 941; x_wconf 86' lang='lat' dir='ltr'><strong>CheysoImus,</strong></span> <span class='ocrx_word' id='word_1_56' title='bbox 890 896 1111 931; x_wconf 87' lang='lat' dir='ltr'><strong>nobilissimo</strong></span> <span class='ocrx_word' id='word_1_57' title='bbox 1136 897 1309 943; x_wconf 87' lang='lat' dir='ltr'><strong>sanguine</strong></span> <span class='ocrx_word' id='word_1_58' title='bbox 1335 897 1510 931; x_wconf 92' lang='lat' dir='ltr'><strong>baronum</strong></span> <span class='ocrx_word' id='word_1_59' title='bbox 1535 897 1579 931; x_wconf 88' lang='lat' dir='ltr'><strong>de</strong></span> <span class='ocrx_word' id='word_1_60' title='bbox 1605 897 1751 944; x_wconf 89' lang='lat' dir='ltr'><strong>Cromly</strong></span> 
     </span>
     <span class='ocr_line' id='line_1_9' title="bbox 351 954 1750 1002; baseline 0.001 -13"><span class='ocrx_word' id='word_1_61' title='bbox 351 959 462 995; x_wconf 88' lang='lat' dir='ltr'><strong>ortus,</strong></span> <span class='ocrx_word' id='word_1_62' title='bbox 495 955 592 989; x_wconf 87' lang='lat' dir='ltr'><strong>vitae</strong></span> <span class='ocrx_word' id='word_1_63' title='bbox 615 954 821 1000; x_wconf 86' lang='lat' dir='ltr'><strong>integritate</strong></span> <span class='ocrx_word' id='word_1_64' title='bbox 845 965 1056 999; x_wconf 92' lang='lat' dir='ltr'><strong>morumque</strong></span> <span class='ocrx_word' id='word_1_65' title='bbox 1080 955 1299 989; x_wconf 85' lang='lat' dir='ltr'><strong>continentia</strong></span> <span class='ocrx_word' id='word_1_66' title='bbox 1324 955 1554 995; x_wconf 88' lang='lat' dir='ltr'><strong>clarissimus,</strong></span> <span class='ocrx_word' id='word_1_67' title='bbox 1582 964 1649 989; x_wconf 88' lang='lat' dir='ltr'><strong>XL.</strong></span> <span class='ocrx_word' id='word_1_68' title='bbox 1672 957 1750 1002; x_wconf 90' lang='lat' dir='ltr'><strong>jam</strong></span> 
     </span>
     <span class='ocr_line' id='line_1_10' title="bbox 350 1011 1749 1060; baseline 0.001 -13"><span class='ocrx_word' id='word_1_69' title='bbox 350 1013 453 1047; x_wconf 89' lang='lat' dir='ltr'><strong>annis</strong></span> <span class='ocrx_word' id='word_1_70' title='bbox 471 1013 713 1057; x_wconf 88' lang='lat' dir='ltr'><strong>episcopatum</strong></span> <span class='ocrx_word' id='word_1_71' title='bbox 731 1011 987 1046; x_wconf 83' lang='lat' dir='ltr'><strong>vasionensem</strong></span> <span class='ocrx_word' id='word_1_72' title='bbox 1005 1012 1043 1046; x_wconf 90' lang='lat' dir='ltr'><strong>in</strong></span> <span class='ocrx_word' id='word_1_73' title='bbox 1061 1012 1307 1046; x_wconf 86' lang='lat' dir='ltr'><strong>Avenionensi</strong></span> <span class='ocrx_word' id='word_1_74' title='bbox 1321 1013 1494 1047; x_wconf 90' lang='lat' dir='ltr'><strong>comitatu</strong></span> <span class='ocrx_word' id='word_1_75' title='bbox 1507 1014 1600 1060; x_wconf 87' lang='lat' dir='ltr'><strong>regit</strong></span> <span class='ocrx_word' id='word_1_76' title='bbox 1613 1015 1749 1058; x_wconf 80' lang='lat' dir='ltr'><strong>patriae</strong></span> 
     </span>
    </p>
   </div>
   <div class='ocr_carea' id='block_1_6' title="bbox 354 1070 1748 1222">
    <p class='ocr_par' dir='ltr' id='par_1_6' title="bbox 354 1070 1748 1222">
     <span class='ocr_line' id='line_1_11' title="bbox 354 1070 1295 1115; baseline -0.001 -10"><span class='ocrx_word' id='word_1_77' title='bbox 354 1075 574 1110; x_wconf 89' lang='lat' dir='ltr'><strong>ornamento,</strong></span> <span class='ocrx_word' id='word_1_78' title='bbox 592 1070 808 1114; x_wconf 87' lang='lat' dir='ltr'><strong>pauperibus</strong></span> <span class='ocrx_word' id='word_1_79' title='bbox 827 1070 933 1104; x_wconf 81' lang='lat' dir='ltr'><strong>unico</strong></span> <span class='ocrx_word' id='word_1_80' title='bbox 951 1070 1090 1104; x_wconf 84' lang='lat' dir='ltr'><strong>solatio.</strong></span> <span class='ocrx_word' id='word_1_81' title='bbox 1144 1070 1295 1115; x_wconf 84' lang='lat' dir='ltr'><strong>Scripsit</strong></span> 
     </span>
     <span class='ocr_line' id='line_1_12' title="bbox 498 1127 1748 1164; baseline 0.002 -2"><span class='ocrx_word' id='word_1_82' title='bbox 498 1128 792 1163; x_wconf 84' lang='lat' dir='ltr'><strong>confutationem</strong></span> <span class='ocrx_word' id='word_1_83' title='bbox 811 1128 1052 1162; x_wconf 85' lang='lat' dir='ltr'><strong>Confessionis</strong></span> <span class='ocrx_word' id='word_1_84' title='bbox 1071 1127 1228 1162; x_wconf 87' lang='lat' dir='ltr'><strong>Scoticae</strong></span> <span class='ocrx_word' id='word_1_85' title='bbox 1366 1128 1427 1162; x_wconf 89' lang='lat' dir='ltr'><strong>lib.</strong></span> <span class='ocrx_word' id='word_1_86' title='bbox 1448 1136 1473 1161; x_wconf 97' lang='lat'><strong>1.</strong></span> <span class='ocrx_word' id='word_1_87' title='bbox 1493 1127 1634 1162; x_wconf 90' lang='lat' dir='ltr'><strong>Prodiit</strong></span> <span class='ocrx_word' id='word_1_88' title='bbox 1652 1128 1748 1164; x_wconf 93' lang='lat' dir='ltr'><strong>Ave-</strong></span> 
     </span>
     <span class='ocr_line' id='line_1_13' title="bbox 547 1185 1748 1222; baseline 0.002 -3"><span class='ocrx_word' id='word_1_89' title='bbox 547 1187 654 1220; x_wconf 87' lang='lat' dir='ltr'><strong>nione</strong></span> <span class='ocrx_word' id='word_1_90' title='bbox 676 1197 769 1220; x_wconf 86' lang='lat' dir='ltr'><strong>anno</strong></span> <span class='ocrx_word' id='word_1_91' title='bbox 794 1195 910 1220; x_wconf 83' lang='lat' dir='ltr'>MDCI.</span> <span class='ocrx_word' id='word_1_92' title='bbox 937 1186 1060 1220; x_wconf 90' lang='lat' dir='ltr'><strong>laudat</strong></span> <span class='ocrx_word' id='word_1_93' title='bbox 1077 1186 1256 1220; x_wconf 77' lang='lat' dir='ltr'><strong>illustriss,</strong></span> <span class='ocrx_word' id='word_1_94' title='bbox 1281 1185 1387 1220; x_wconf 90' lang='lat' dir='ltr'><strong>Card.</strong></span> <span class='ocrx_word' id='word_1_95' title='bbox 1413 1185 1654 1221; x_wconf 86' lang='lat' dir='ltr'><strong>Bellarminus</strong></span> <span class='ocrx_word' id='word_1_96' title='bbox 1678 1187 1748 1222; x_wconf 89' lang='lat' dir='ltr'><strong>Re-</strong></span> 
     </span>
    </p>
   </div>
   <div class='ocr_carea' id='block_1_7' title="bbox 397 1243 1747 1461">
    <p class='ocr_par' dir='ltr' id='par_1_7' title="bbox 397 1243 1747 1461">
     <span class='ocr_line' id='line_1_14' title="bbox 547 1243 1285 1292; baseline 0 -15"><span class='ocrx_word' id='word_1_97' title='bbox 547 1244 737 1292; x_wconf 56' lang='lat' dir='ltr'><strong>sponsione</strong></span> <span class='ocrx_word' id='word_1_98' title='bbox 755 1244 799 1277; x_wconf 91' lang='lat' dir='ltr'><strong>ad</strong></span> <span class='ocrx_word' id='word_1_99' title='bbox 818 1245 949 1278; x_wconf 89' lang='lat' dir='ltr'><strong>librum</strong></span> <span class='ocrx_word' id='word_1_100' title='bbox 969 1243 1080 1290; x_wconf 78' lang='lat' dir='ltr'><strong>Regis</strong></span> <span class='ocrx_word' id='word_1_101' title='bbox 1099 1255 1174 1288; x_wconf 79' lang='lat' dir='ltr'><strong>cap,</strong></span> <span class='ocrx_word' id='word_1_102' title='bbox 1195 1253 1285 1278; x_wconf 83' lang='lat' dir='ltr'>VIII.</span> 
     </span>
     <span class='ocr_line' id='line_1_15' title="bbox 497 1301 1747 1347; baseline 0 -10"><span class='ocrx_word' id='word_1_103' title='bbox 497 1301 769 1337; x_wconf 57' lang='lat' dir='ltr'><strong>Centroversias</strong></span> <span class='ocrx_word' id='word_1_104' title='bbox 788 1301 890 1335; x_wconf 88' lang='lat' dir='ltr'><strong>Fidei</strong></span> <span class='ocrx_word' id='word_1_105' title='bbox 1370 1301 1432 1335; x_wconf 91' lang='lat' dir='ltr'><strong>lib.</strong></span> <span class='ocrx_word' id='word_1_106' title='bbox 1453 1311 1478 1336; x_wconf 95' lang='lat'><strong>1.</strong></span> <span class='ocrx_word' id='word_1_107' title='bbox 1505 1313 1605 1347; x_wconf 88' lang='lat' dir='ltr'><strong>opus,</strong></span> <span class='ocrx_word' id='word_1_108' title='bbox 1632 1307 1673 1337; x_wconf 90' lang='lat' dir='ltr'><strong>ut</strong></span> <span class='ocrx_word' id='word_1_109' title='bbox 1697 1303 1747 1337; x_wconf 89' lang='lat' dir='ltr'><strong>fe-</strong></span> 
     </span>
     <span class='ocr_line' id='line_1_16' title="bbox 545 1358 1365 1404; baseline 0 -12"><span class='ocrx_word' id='word_1_110' title='bbox 545 1362 641 1398; x_wconf 85' lang='lat' dir='ltr'><strong>runt,</strong></span> <span class='ocrx_word' id='word_1_111' title='bbox 660 1369 770 1404; x_wconf 85' lang='lat' dir='ltr'><strong>grave</strong></span> <span class='ocrx_word' id='word_1_112' title='bbox 788 1363 823 1392; x_wconf 86' lang='lat' dir='ltr'><strong>et</strong></span> <span class='ocrx_word' id='word_1_113' title='bbox 842 1358 1035 1392; x_wconf 88' lang='lat' dir='ltr'><strong>eruditum.</strong></span> <span class='ocrx_word' id='word_1_114' title='bbox 1088 1358 1170 1404; x_wconf 88' lang='lat' dir='ltr'><strong>Ego</strong></span> <span class='ocrx_word' id='word_1_115' title='bbox 1188 1370 1260 1392; x_wconf 89' lang='lat' dir='ltr'><strong>non</strong></span> <span class='ocrx_word' id='word_1_116' title='bbox 1278 1358 1365 1392; x_wconf 87' lang='lat' dir='ltr'><strong>vidi.</strong></span> 
     </span>
     <span class='ocr_line' id='line_1_17' title="bbox 397 1415 1592 1461; baseline 0.001 -10"><span class='ocrx_word' id='word_1_117' title='bbox 397 1416 503 1451; x_wconf 86' lang='lat' dir='ltr'><strong>Sedet</strong></span> <span class='ocrx_word' id='word_1_118' title='bbox 520 1416 646 1456; x_wconf 87' lang='lat' dir='ltr'><strong>adhuc,</strong></span> <span class='ocrx_word' id='word_1_119' title='bbox 666 1420 700 1449; x_wconf 90' lang='lat' dir='ltr'><strong>et</strong></span> <span class='ocrx_word' id='word_1_120' title='bbox 718 1416 900 1450; x_wconf 86' lang='lat' dir='ltr'><strong>ecclesiam</strong></span> <span class='ocrx_word' id='word_1_121' title='bbox 918 1426 1018 1449; x_wconf 89' lang='lat' dir='ltr'><strong>suam</strong></span> <span class='ocrx_word' id='word_1_122' title='bbox 1037 1415 1095 1460; x_wconf 91' lang='lat' dir='ltr'><strong>pie</strong></span> <span class='ocrx_word' id='word_1_123' title='bbox 1113 1415 1334 1461; x_wconf 88' lang='lat' dir='ltr'><strong>fideliterque</strong></span> <span class='ocrx_word' id='word_1_124' title='bbox 1353 1416 1592 1452; x_wconf 86' lang='lat' dir='ltr'><strong>administrat.</strong></span> 
     </span>
    </p>
   </div>
   <div class='ocr_carea' id='block_1_8' title="bbox 610 1513 1480 1549">
    <p class='ocr_par' dir='ltr' id='par_1_8' title="bbox 610 1513 1480 1549">
     <span class='ocr_line' id='line_1_18' title="bbox 610 1513 1480 1549; baseline 0.001 -1"><span class='ocrx_word' id='word_1_125' title='bbox 610 1514 940 1549; x_wconf 87' lang='lat' dir='ltr'><strong>BENEDICTUS</strong></span> <span class='ocrx_word' id='word_1_126' title='bbox 966 1513 1345 1549; x_wconf 87' lang='lat' dir='ltr'><strong>CHELYDONIUS.</strong></span> <span class='ocrx_word' id='word_1_127' title='bbox 1398 1514 1480 1549; x_wconf 84' lang='lat'>316.</span> 
     </span>
    </p>
   </div>
   <div class='ocr_carea' id='block_1_9' title="bbox 347 1587 1744 1691">
    <p class='ocr_par' dir='ltr' id='par_1_9' title="bbox 347 1587 1744 1691">
     <span class='ocr_line' id='line_1_19' title="bbox 349 1587 1744 1634; baseline 0.002 -11"><span class='ocrx_word' id='word_1_128' title='bbox 349 1589 620 1623; x_wconf 82' lang='lat' dir='ltr'>BENEDICTUS</span> <span class='ocrx_word' id='word_1_129' title='bbox 635 1588 890 1634; x_wconf 90' lang='lat' dir='ltr'><strong>Chelydonius,</strong></span> <span class='ocrx_word' id='word_1_130' title='bbox 912 1589 1021 1624; x_wconf 87' lang='lat' dir='ltr'><strong>abbas</strong></span> <span class='ocrx_word' id='word_1_131' title='bbox 1039 1587 1169 1622; x_wconf 86' lang='lat' dir='ltr'><strong>Scotici</strong></span> <span class='ocrx_word' id='word_1_132' title='bbox 1188 1588 1232 1622; x_wconf 88' lang='lat' dir='ltr'><strong>ad</strong></span> <span class='ocrx_word' id='word_1_133' title='bbox 1249 1587 1429 1622; x_wconf 86' lang='lat' dir='ltr'><strong>Viennam</strong></span> <span class='ocrx_word' id='word_1_134' title='bbox 1447 1588 1485 1622; x_wconf 93' lang='lat' dir='ltr'><strong>in</strong></span> <span class='ocrx_word' id='word_1_135' title='bbox 1502 1588 1655 1624; x_wconf 88' lang='lat' dir='ltr'><strong>Austria</strong></span> <span class='ocrx_word' id='word_1_136' title='bbox 1673 1603 1744 1626; x_wconf 87' lang='lat' dir='ltr'><strong>mo-</strong></span> 
     </span>
     <span class='ocr_line' id='line_1_20' title="bbox 347 1645 1742 1691; baseline 0.003 -11"><span class='ocrx_word' id='word_1_137' title='bbox 347 1647 505 1686; x_wconf 90' lang='lat' dir='ltr'><strong>nasterii,</strong></span> <span class='ocrx_word' id='word_1_138' title='bbox 536 1647 593 1680; x_wconf 90' lang='lat' dir='ltr'><strong>vir</strong></span> <span class='ocrx_word' id='word_1_139' title='bbox 616 1647 696 1691; x_wconf 88' lang='lat' dir='ltr'><strong>pius</strong></span> <span class='ocrx_word' id='word_1_140' title='bbox 721 1652 756 1680; x_wconf 91' lang='lat' dir='ltr'><strong>et</strong></span> <span class='ocrx_word' id='word_1_141' title='bbox 780 1647 952 1687; x_wconf 90' lang='lat' dir='ltr'><strong>eruditus,</strong></span> <span class='ocrx_word' id='word_1_142' title='bbox 977 1648 1014 1680; x_wconf 90' lang='lat' dir='ltr'><strong>in</strong></span> <span class='ocrx_word' id='word_1_143' title='bbox 1041 1657 1149 1691; x_wconf 89' lang='lat' dir='ltr'><strong>quem</strong></span> <span class='ocrx_word' id='word_1_144' title='bbox 1175 1645 1369 1679; x_wconf 85' lang='lat' dir='ltr'><strong>honorifica</strong></span> <span class='ocrx_word' id='word_1_145' title='bbox 1395 1647 1590 1681; x_wconf 88' lang='lat' dir='ltr'><strong>multorum</strong></span> <span class='ocrx_word' id='word_1_146' title='bbox 1617 1654 1742 1683; x_wconf 88' lang='lat' dir='ltr'><strong>extant</strong></span> 
     </span>
    </p>
   </div>
   <div class='ocr_carea' id='block_1_10' title="bbox 346 1702 1739 1750">
    <p class='ocr_par' dir='ltr' id='par_1_10' title="bbox 346 1702 1739 1750">
     <span class='ocr_line' id='line_1_21' title="bbox 346 1702 1739 1750; baseline 0.003 -13"><span class='ocrx_word' id='word_1_147' title='bbox 346 1704 472 1750; x_wconf 87' lang='lat' dir='ltr'><strong>elogia,</strong></span> <span class='ocrx_word' id='word_1_148' title='bbox 491 1705 552 1738; x_wconf 88' lang='lat' dir='ltr'><strong>sed</strong></span> <span class='ocrx_word' id='word_1_149' title='bbox 570 1704 723 1737; x_wconf 77' lang='lat' dir='ltr'><strong>maxime</strong></span> <span class='ocrx_word' id='word_1_150' title='bbox 742 1703 847 1737; x_wconf 87' lang='lat' dir='ltr'><strong>Eckii</strong></span> <span class='ocrx_word' id='word_1_151' title='bbox 865 1704 1034 1750; x_wconf 85' lang='lat' dir='ltr'><strong>theologi,</strong></span> <span class='ocrx_word' id='word_1_152' title='bbox 1053 1715 1134 1738; x_wconf 89' lang='lat' dir='ltr'><strong>cum</strong></span> <span class='ocrx_word' id='word_1_153' title='bbox 1152 1714 1223 1748; x_wconf 91' lang='lat' dir='ltr'><strong>quo</strong></span> <span class='ocrx_word' id='word_1_154' title='bbox 1245 1707 1344 1737; x_wconf 87' lang='lat' dir='ltr'><strong>arcta</strong></span> <span class='ocrx_word' id='word_1_155' title='bbox 1367 1702 1612 1738; x_wconf 85' lang='lat' dir='ltr'><strong>familiaritate</strong></span> <span class='ocrx_word' id='word_1_156' title='bbox 1636 1707 1739 1741; x_wconf 79' lang='lat' dir='ltr'><strong>vixit.</strong></span> 
     </span>
    </p>
   </div>
   <div class='ocr_carea' id='block_1_11' title="bbox 347 1760 1736 1923">
    <p class='ocr_par' dir='ltr' id='par_1_11' title="bbox 347 1760 1736 1923">
     <span class='ocr_line' id='line_1_22' title="bbox 347 1760 732 1806; baseline 0 -12"><span class='ocrx_word' id='word_1_157' title='bbox 347 1760 498 1805; x_wconf 89' lang='lat' dir='ltr'><strong>Scripsit</strong></span> <span class='ocrx_word' id='word_1_158' title='bbox 515 1767 551 1796; x_wconf 93' lang='lat' dir='ltr'><strong>et</strong></span> <span class='ocrx_word' id='word_1_159' title='bbox 568 1762 732 1806; x_wconf 86' lang='lat' dir='ltr'><strong>vulgavit</strong></span> 
     </span>
     <span class='ocr_line' id='line_1_23' title="bbox 494 1817 1342 1863; baseline -0.002 -10"><span class='ocrx_word' id='word_1_160' title='bbox 494 1819 629 1853; x_wconf 86' lang='lat' dir='ltr'><strong>Contra</strong></span> <span class='ocrx_word' id='word_1_161' title='bbox 647 1818 847 1852; x_wconf 89' lang='lat' dir='ltr'><strong>Lutherum</strong></span> <span class='ocrx_word' id='word_1_162' title='bbox 865 1817 1081 1863; x_wconf 88' lang='lat' dir='ltr'><strong>Apostatam</strong></span> <span class='ocrx_word' id='word_1_163' title='bbox 1235 1817 1296 1851; x_wconf 87' lang='lat' dir='ltr'><strong>lib.</strong></span> <span class='ocrx_word' id='word_1_164' title='bbox 1317 1827 1342 1851; x_wconf 90' lang='grc' dir='ltr'><strong>Ι.</strong></span> 
     </span>
     <span class='ocr_line' id='line_1_24' title="bbox 496 1875 1736 1923; baseline 0.002 -13"><span class='ocrx_word' id='word_1_165' title='bbox 496 1876 653 1910; x_wconf 85' lang='lat' dir='ltr'><strong>Bandini</strong></span> <span class='ocrx_word' id='word_1_166' title='bbox 671 1877 713 1909; x_wconf 89' lang='lat' dir='ltr'><strong>de</strong></span> <span class='ocrx_word' id='word_1_167' title='bbox 732 1876 853 1910; x_wconf 88' lang='lat' dir='ltr'><strong>Rebus</strong></span> <span class='ocrx_word' id='word_1_168' title='bbox 872 1876 1098 1923; x_wconf 88' lang='lat' dir='ltr'><strong>Theologicis</strong></span> <span class='ocrx_word' id='word_1_169' title='bbox 1231 1875 1292 1909; x_wconf 85' lang='lat' dir='ltr'><strong>lib.</strong></span> <span class='ocrx_word' id='word_1_170' title='bbox 1314 1884 1366 1909; x_wconf 87' lang='lat' dir='ltr'><strong>IV.</strong></span> <span class='ocrx_word' id='word_1_171' title='bbox 1388 1876 1518 1921; x_wconf 83' lang='lat' dir='ltr'><strong>publici</strong></span> <span class='ocrx_word' id='word_1_172' title='bbox 1534 1877 1627 1923; x_wconf 87' lang='lat' dir='ltr'><strong>juris</strong></span> <span class='ocrx_word' id='word_1_173' title='bbox 1644 1878 1736 1913; x_wconf 78' lang='lat' dir='ltr'><strong>fecit.</strong></span> 
     </span>
    </p>
   </div>
   <div class='ocr_carea' id='block_1_12' title="bbox 395 1934 862 1969">
    <p class='ocr_par' dir='ltr' id='par_1_12' title="bbox 395 1934 862 1969">
     <span class='ocr_line' id='line_1_25' title="bbox 395 1934 862 1969; baseline -0.002 -1"><span class='ocrx_word' id='word_1_174' title='bbox 395 1934 577 1969; x_wconf 87' lang='lat' dir='ltr'><strong>Scribebat</strong></span> <span class='ocrx_word' id='word_1_175' title='bbox 595 1945 688 1967; x_wconf 86' lang='lat' dir='ltr'><strong>anno</strong></span> <span class='ocrx_word' id='word_1_176' title='bbox 708 1943 862 1968; x_wconf 75' lang='lat' dir='ltr'>MDXIX.</span> 
     </span>
    </p>
   </div>
   <div class='ocr_carea' id='block_1_13' title="bbox 819 2032 1257 2070">
    <p class='ocr_par' dir='ltr' id='par_1_13' title="bbox 819 2032 1257 2070">
     <span class='ocr_line' id='line_1_26' title="bbox 819 2032 1257 2070; baseline 0 -3"><span class='ocrx_word' id='word_1_177' title='bbox 819 2032 1120 2067; x_wconf 88' lang='lat' dir='ltr'><strong>CORNELIUS.</strong></span> <span class='ocrx_word' id='word_1_178' title='bbox 1174 2034 1257 2070; x_wconf 81' lang='lat'>317.</span> 
     </span>
    </p>
   </div>
   <div class='ocr_carea' id='block_1_14' title="bbox 344 2107 1736 2212">
    <p class='ocr_par' dir='ltr' id='par_1_14' title="bbox 344 2107 1736 2212">
     <span class='ocr_line' id='line_1_27' title="bbox 345 2107 1735 2154; baseline 0.002 -12"><span class='ocrx_word' id='word_1_179' title='bbox 345 2107 584 2142; x_wconf 82' lang='lat' dir='ltr'>CORNELIUS</span> <span class='ocrx_word' id='word_1_180' title='bbox 603 2112 836 2154; x_wconf 88' lang='lat' dir='ltr'><strong>cognomento</strong></span> <span class='ocrx_word' id='word_1_181' title='bbox 856 2107 1082 2147; x_wconf 87' lang='lat' dir='ltr'><strong>Hibernicus,</strong></span> <span class='ocrx_word' id='word_1_182' title='bbox 1101 2108 1196 2152; x_wconf 91' lang='lat' dir='ltr'><strong>quod</strong></span> <span class='ocrx_word' id='word_1_183' title='bbox 1215 2108 1253 2141; x_wconf 93' lang='lat' dir='ltr'><strong>in</strong></span> <span class='ocrx_word' id='word_1_184' title='bbox 1271 2108 1451 2142; x_wconf 87' lang='lat' dir='ltr'><strong>montibus</strong></span> <span class='ocrx_word' id='word_1_185' title='bbox 1467 2108 1604 2143; x_wconf 87' lang='lat' dir='ltr'><strong>Scotiae</strong></span> <span class='ocrx_word' id='word_1_186' title='bbox 1618 2115 1735 2152; x_wconf 87' lang='lat' dir='ltr'><strong>natus,</strong></span> 
     </span>
     <span class='ocr_line' id='line_1_28' title="bbox 344 2166 1736 2212; baseline 0.001 -12"><span class='ocrx_word' id='word_1_187' title='bbox 344 2166 441 2211; x_wconf 89' lang='lat' dir='ltr'><strong>quod</strong></span> <span class='ocrx_word' id='word_1_188' title='bbox 466 2177 578 2212; x_wconf 86' lang='lat' dir='ltr'><strong>genus</strong></span> <span class='ocrx_word' id='word_1_189' title='bbox 604 2166 790 2200; x_wconf 89' lang='lat' dir='ltr'><strong>hominum</strong></span> <span class='ocrx_word' id='word_1_190' title='bbox 817 2170 853 2199; x_wconf 89' lang='lat' dir='ltr'><strong>et</strong></span> <span class='ocrx_word' id='word_1_191' title='bbox 878 2166 963 2199; x_wconf 90' lang='lat' dir='ltr'><strong>olim</strong></span> <span class='ocrx_word' id='word_1_192' title='bbox 990 2170 1097 2210; x_wconf 90' lang='lat' dir='ltr'><strong>atque</strong></span> <span class='ocrx_word' id='word_1_193' title='bbox 1128 2166 1325 2199; x_wconf 80' lang='lat' dir='ltr'><strong>etiamnum</strong></span> <span class='ocrx_word' id='word_1_194' title='bbox 1358 2166 1462 2200; x_wconf 86' lang='lat' dir='ltr'><strong>hodie</strong></span> <span class='ocrx_word' id='word_1_195' title='bbox 1496 2166 1648 2201; x_wconf 89' lang='lat' dir='ltr'><strong>Hiberni</strong></span> <span class='ocrx_word' id='word_1_196' title='bbox 1681 2171 1736 2203; x_wconf 89' lang='lat' dir='ltr'><strong>vel</strong></span> 
     </span>
    </p>
   </div>
   <div class='ocr_carea' id='block_1_15' title="bbox 347 2223 1735 2327">
    <p class='ocr_par' dir='ltr' id='par_1_15' title="bbox 347 2223 1735 2327">
     <span class='ocr_line' id='line_1_29' title="bbox 347 2223 1066 2267; baseline 0 -11"><span class='ocrx_word' id='word_1_197' title='bbox 347 2223 600 2258; x_wconf 90' lang='lat' dir='ltr'><strong>Hibernienses</strong></span> <span class='ocrx_word' id='word_1_198' title='bbox 619 2224 737 2257; x_wconf 90' lang='lat' dir='ltr'><strong>vocari</strong></span> <span class='ocrx_word' id='word_1_199' title='bbox 755 2224 863 2258; x_wconf 87' lang='lat' dir='ltr'><strong>soliti.</strong></span> <span class='ocrx_word' id='word_1_200' title='bbox 915 2223 1066 2267; x_wconf 88' lang='lat' dir='ltr'><strong>Scripsit</strong></span> 
     </span>
     <span class='ocr_line' id='line_1_30' title="bbox 494 2279 1735 2327; baseline 0.002 -12"><span class='ocrx_word' id='word_1_201' title='bbox 494 2281 675 2315; x_wconf 86' lang='lat' dir='ltr'><strong>Historias</strong></span> <span class='ocrx_word' id='word_1_202' title='bbox 694 2281 851 2315; x_wconf 86' lang='lat' dir='ltr'><strong>Scoticae</strong></span> <span class='ocrx_word' id='word_1_203' title='bbox 873 2279 1037 2327; x_wconf 86' lang='lat' dir='ltr'><strong>[Gentis]</strong></span> <span class='ocrx_word' id='word_1_204' title='bbox 1146 2281 1206 2315; x_wconf 85' lang='lat' dir='ltr'><strong>lib.</strong></span> <span class='ocrx_word' id='word_1_205' title='bbox 1223 2290 1247 2315; x_wconf 91' lang='lat'><strong>1.</strong></span> <span class='ocrx_word' id='word_1_206' title='bbox 1267 2281 1350 2315; x_wconf 93' lang='lat' dir='ltr'><strong>Non</strong></span> <span class='ocrx_word' id='word_1_207' title='bbox 1369 2282 1442 2315; x_wconf 91' lang='lat' dir='ltr'><strong>vidi</strong></span> <span class='ocrx_word' id='word_1_208' title='bbox 1461 2294 1560 2327; x_wconf 88' lang='lat' dir='ltr'><strong>opus,</strong></span> <span class='ocrx_word' id='word_1_209' title='bbox 1581 2284 1642 2317; x_wconf 86' lang='lat' dir='ltr'><strong>sed</strong></span> <span class='ocrx_word' id='word_1_210' title='bbox 1656 2285 1735 2318; x_wconf 85' lang='lat' dir='ltr'><strong>imi·</strong></span> 
     </span>
    </p>
   </div>
   <div class='ocr_carea' id='block_1_16' title="bbox 391 2339 1735 2488">
    <p class='ocr_par' dir='ltr' id='par_1_16' title="bbox 391 2339 1735 2488">
     <span class='ocr_line' id='line_1_31' title="bbox 541 2339 1735 2388; baseline 0.003 -15"><span class='ocrx_word' id='word_1_211' title='bbox 541 2340 609 2374; x_wconf 83' lang='lat' dir='ltr'><strong>tari</strong></span> <span class='ocrx_word' id='word_1_212' title='bbox 633 2350 713 2372; x_wconf 87' lang='lat' dir='ltr'><strong>eum</strong></span> <span class='ocrx_word' id='word_1_213' title='bbox 731 2339 904 2373; x_wconf 87' lang='lat' dir='ltr'><strong>Boethius</strong></span> <span class='ocrx_word' id='word_1_214' title='bbox 927 2350 997 2372; x_wconf 92' lang='lat' dir='ltr'><strong>non</strong></span> <span class='ocrx_word' id='word_1_215' title='bbox 1020 2349 1092 2372; x_wconf 90' lang='lat' dir='ltr'><strong>uno</strong></span> <span class='ocrx_word' id='word_1_216' title='bbox 1114 2340 1191 2373; x_wconf 95' lang='lat' dir='ltr'><strong>loco</strong></span> <span class='ocrx_word' id='word_1_217' title='bbox 1214 2351 1250 2374; x_wconf 91' lang='lat' dir='ltr'><strong>se</strong></span> <span class='ocrx_word' id='word_1_218' title='bbox 1274 2339 1418 2380; x_wconf 88' lang='lat' dir='ltr'><strong>fatetur,</strong></span> <span class='ocrx_word' id='word_1_219' title='bbox 1444 2346 1479 2375; x_wconf 90' lang='lat' dir='ltr'><strong>et</strong></span> <span class='ocrx_word' id='word_1_220' title='bbox 1503 2342 1616 2376; x_wconf 89' lang='lat' dir='ltr'><strong>multa</strong></span> <span class='ocrx_word' id='word_1_221' title='bbox 1640 2341 1735 2388; x_wconf 86' lang='lat' dir='ltr'><strong>frag-</strong></span> 
     </span>
     <span class='ocr_line' id='line_1_32' title="bbox 540 2396 1153 2440; baseline 0.003 -11"><span class='ocrx_word' id='word_1_222' title='bbox 540 2401 661 2430; x_wconf 89' lang='lat' dir='ltr'><strong>menta</strong></span> <span class='ocrx_word' id='word_1_223' title='bbox 679 2397 803 2429; x_wconf 85' lang='lat' dir='ltr'><strong>ruinae</strong></span> <span class='ocrx_word' id='word_1_224' title='bbox 820 2396 957 2430; x_wconf 87' lang='lat' dir='ltr'><strong>exortia</strong></span> <span class='ocrx_word' id='word_1_225' title='bbox 974 2397 1069 2440; x_wconf 88' lang='lat' dir='ltr'><strong>apud</strong></span> <span class='ocrx_word' id='word_1_226' title='bbox 1088 2408 1153 2431; x_wconf 90' lang='lat' dir='ltr'><strong>me.</strong></span> 
     </span>
     <span class='ocr_line' id='line_1_33' title="bbox 391 2454 819 2488; baseline -0.005 0"><span class='ocrx_word' id='word_1_227' title='bbox 391 2454 533 2488; x_wconf 86' lang='lat' dir='ltr'><strong>Floruit</strong></span> <span class='ocrx_word' id='word_1_228' title='bbox 550 2465 643 2488; x_wconf 87' lang='lat' dir='ltr'><strong>anno</strong></span> <span class='ocrx_word' id='word_1_229' title='bbox 663 2462 819 2488; x_wconf 82' lang='lat' dir='ltr'>MCLXV.</span> 
     </span>
    </p>
   </div>
  </div>
 </body>
</html>
