2032 2912
745 327 921 361 GENTIS
945 325 1223 366 SCOTORUM,
1246 325 1335 358 LIB.
1356 325 1402 358 ΙΙ.
1716 325 1778 355 115

430 423 593 458 Andreas
618 423 799 458 Melvinus
823 422 978 469 Georgio
1004 421 1224 456 Buchanano
1250 421 1469 466 praeceptori
1495 430 1571 460 suo,
1595 424 1631 454 et
1654 419 1776 453 Musa-

381 491 458 514 rum
479 481 640 524 parenti:

680 577 785 615 Nuper
798 582 838 610 te,
853 575 1036 609 Buclmnane,
1051 584 1117 603 cum
1131 573 1258 603 viderem

681 625 823 661 Aegrum,
838 621 1050 661 languidulum,
1066 626 1127 650 toro
1137 621 1292 659 jacentem,

681 671 721 699 Et
735 670 803 703 fato,
817 674 848 698 et
861 669 972 708 capulo,
986 669 1060 697 heu!
1081 668 1167 696 nimis
1180 668 1383 706 propinquum,

681 716 768 746 Visus
782 722 846 746 tum
860 716 931 744 mihi
945 725 1007 745 sum
1023 715 1121 744 videre
1139 715 1236 744 Musas

679 765 800 803 Aegras,
813 762 1006 802 languidulas,
1021 767 1083 791 toro
1092 761 1232 800 jacentes,

681 812 723 840 Et
736 811 806 846 fato,
820 815 850 840 et
864 809 976 850 capulo,
989 810 1046 839 heu
1059 810 1066 838 !
1087 809 1174 838 nimis
1187 809 1370 848 propinquas.

680 859 758 888 Tum
773 858 849 888 sensi
862 863 896 887 ut
911 856 1080 887 meliuscule
1094 862 1125 886 te
1138 856 1253 890 habere,

681 906 713 935 N
714 916 747 935 ec
760 906 837 935 tristi
851 905 968 944 vigilem
983 910 1045 933 toro
1054 904 1161 943 jacere,

682 953 792 983 Verum
806 962 971 991 exsurgere,
986 952 1085 981 munia
1098 950 1194 990 ampla
1206 950 1294 985 obire,

681 1001 791 1040 Regem
804 1001 906 1035 visere,
919 1000 997 1039 regis
1010 1005 1040 1029 et
1054 1003 1203 1029 senatum:

681 1048 753 1076 Mox
770 1048 869 1077 Musas
882 1046 1051 1077 meliuscule
1065 1056 1095 1075 se
1109 1046 1223 1078 habere,

677 1095 710 1123 N
711 1104 743 1124 ee
756 1094 833 1123 tristi
848 1093 951 1132 vigiles
964 1099 1026 1123 toro
1035 1093 1143 1132 jacere,

678 1141 790 1171 Verum
804 1151 970 1180 exsurgere,
984 1141 1086 1171 munia
1098 1139 1194 1180 ampla
1206 1140 1293 1174 obire,

680 1188 790 1227 Regem
805 1188 907 1222 visere,
923 1189 974 1217 &c.

425 1288 541 1321 Natus
568 1291 621 1321 est
647 1285 781 1320 calend.
808 1285 980 1320 Februar.
1007 1296 1102 1320 anno
1129 1294 1252 1320 MDVI.
1279 1285 1369 1320 obiit
1395 1296 1479 1320 vero
1509 1295 1661 1321 XXVIII.
1689 1286 1773 1331 Sep-

376 1345 482 1378 temb.
510 1355 603 1379 anno
628 1351 861 1377 MDLXXXII.
884 1348 928 1377 ut
950 1342 990 1377 in
1013 1342 1135 1377 Indice
1157 1342 1418 1389 chronologico
1439 1342 1674 1384 observatum
1702 1356 1773 1388 quo

375 1403 489 1448 magis
515 1401 638 1436 mirari
665 1400 792 1435 subeat
818 1400 1014 1434 amentiam
1043 1401 1393 1436 contumeliosissimi
1423 1406 1607 1446 apostatae
1637 1402 1771 1443 Balaei‚

373 1461 435 1503 qui
463 1459 621 1493 centuria
648 1466 735 1492 XIV.
762 1468 911 1492 numero
938 1466 1055 1492 LXXI.
1083 1462 1107 1477 “
1124 1457 1404 1493 Buchananum”
1430 1459 1481 1494 ait
1509 1462 1531 1478 “
1548 1461 1772 1506 evangelium

373 1528 504 1563 magno
521 1516 662 1551 fervore
686 1515 859 1556 docuisse,
876 1526 918 1549 ac
934 1515 1062 1550 deinde
1080 1515 1163 1561 igne
1183 1519 1379 1550 crematum
1397 1516 1443 1551 ob
1461 1516 1623 1551 veritatis
1640 1517 1772 1562 profes-

374 1576 509 1609 sionem
526 1586 548 1609 a
570 1574 744 1608 Sodomae
766 1573 961 1618 tyrannis.”
1014 1572 1219 1618 Impostura
1243 1573 1442 1618 multiplex,
1467 1585 1551 1608 nam
1574 1585 1688 1619 neque
1714 1576 1772 1608 ille

375 1643 534 1677 unquam
552 1631 777 1678 evangelium
800 1631 932 1671 docuit,
955 1636 997 1665 ut
1020 1631 1096 1665 vita
1118 1642 1139 1665 a
1156 1641 1193 1665 se
1211 1630 1343 1675 scripta
1361 1636 1443 1666 ante
1462 1635 1612 1665 mortem
1631 1632 1772 1666 biennio

374 1694 549 1729 testatum
577 1699 690 1733 neque
708 1688 791 1734 igne
808 1693 996 1728 crematus,
1023 1699 1103 1723 cum
1122 1691 1329 1733 praeceptor
1346 1688 1440 1734 regis
1457 1687 1593 1729 Jacobi,
1619 1693 1660 1722 ut
1684 1689 1769 1729 dixi,

374 1746 591 1792 Edimburgi
609 1745 808 1785 decesserit,
828 1744 1042 1779 Bucholzeri
1065 1756 1146 1791 pag.
1169 1753 1353 1779 Decxvn.
1380 1745 1441 1779 sed
1459 1745 1614 1779 haeresis
1631 1747 1771 1780 menda·

375 1804 437 1837 ciis
468 1803 602 1843 crescit,
634 1808 670 1837 et
701 1802 791 1837 nihil
822 1806 896 1836 tam
926 1802 1109 1846 impurum
1139 1802 1236 1847 quod
1266 1801 1399 1836 Balaeo
1429 1813 1501 1837 non
1531 1802 1578 1836 sit
1609 1802 1769 1848 dignum.

375 1860 613 1905 Epitaphium
639 1861 717 1906 ejus
742 1871 765 1894 a
788 1859 946 1904 Josepho
972 1858 1151 1906 Scaligero
1177 1859 1359 1894 conditum
1386 1870 1573 1904 apponam,
1599 1860 1682 1905 quia
1706 1863 1771 1895 ele-

378 1929 477 1964 gans,
494 1922 530 1952 et
548 1928 632 1952 vera
649 1918 753 1953 laude
771 1918 927 1962 plenum,
946 1927 1009 1951 nec
1027 1921 1101 1951 tam
1119 1917 1238 1962 ipsum
1255 1917 1389 1957 laudat,
1406 1928 1515 1962 quam
1532 1919 1695 1962 patriam.

680 2015 835 2052 Postquam
849 2013 935 2042 laude
950 2018 1001 2042 tua
1014 2013 1146 2052 patriam,
1161 2013 1329 2051 meritisque
1342 2013 1443 2047 beasti,

720 2061 906 2094 Buchanane,
920 2060 980 2089 tuis
994 2060 1060 2089 solis
1073 2065 1231 2099 utrumque
1245 2059 1332 2093 latus,

680 2107 863 2146 Contemptis
875 2107 987 2146 opibus,
1001 2108 1106 2146 spretis
1119 2107 1306 2146 popularibus
1320 2109 1404 2142 auris,

718 2155 920 2193 Ventosaeque
934 2154 1023 2193 fugax
1037 2155 1200 2183 ambitionis
1213 2154 1284 2188 obis,

681 2203 814 2232 Praemia
827 2202 916 2240 quina
928 2207 1030 2240 quater
1045 2201 1161 2231 Pisaeae
1175 2201 1293 2231 functus
1306 2201 1407 2236 olivae,

720 2250 761 2278 Et
775 2249 909 2288 linquens
923 2249 1010 2278 :mimi
1024 2249 1143 2288 pignora
1157 2258 1220 2277 rara
1232 2249 1277 2278 tui
1290 2260 1296 2277 :

680 2297 715 2325 In
731 2296 837 2335 quibus
850 2296 927 2325 haud
941 2295 995 2324 tibi
1009 2306 1039 2325 se
1053 2296 1225 2330 anteferent‚
1239 2306 1310 2335 quos
1325 2294 1399 2326 Itala
1413 2303 1492 2327 vates

722 2344 812 2373 Terra
828 2342 926 2378 dedit;
947 2352 1000 2373 nec
1013 2353 1083 2384 quos
1097 2343 1194 2373 Gallia
1208 2349 1298 2373 mater
1313 2343 1374 2377 alit,
