<?xml version="1.0" encoding="UTF-8"?>
<!DOCTYPE html PUBLIC "-//W3C//DTD XHTML 1.0 Transitional//EN"
    "http://www.w3.org/TR/xhtml1/DTD/xhtml1-transitional.dtd">
<html xmlns="http://www.w3.org/1999/xhtml" xml:lang="en" lang="en">
 <head>
  <title>
</title>
<meta http-equiv="Content-Type" content="text/html;charset=utf-8" />
  <meta name='ocr-system' content='tesseract 3.04.00' />
  <meta name='ocr-capabilities' content='ocr_page ocr_carea ocr_par ocr_line ocrx_word'/>
</head>
<body>
  <div class='ocr_page' id='page_1' title='image "./thomaedempste2101dempuoft_0245.png"; bbox 0 0 2032 2912; ppageno 0'>
   <div class='ocr_carea' id='block_1_1' title="bbox 698 357 1734 396">
    <p class='ocr_par' dir='ltr' id='par_1_1' title="bbox 698 357 1734 396">
     <span class='ocr_line' id='line_1_1' title="bbox 698 357 1734 396; baseline -0.004 -6"><span class='ocrx_word' id='word_1_1' title='bbox 698 357 874 390; x_wconf 84' lang='lat' dir='ltr'>GENTIS</span> <span class='ocrx_word' id='word_1_2' title='bbox 899 357 1176 396; x_wconf 87' lang='lat' dir='ltr'><strong>SCOTORUM,</strong></span> <span class='ocrx_word' id='word_1_3' title='bbox 1202 357 1290 389; x_wconf 92' lang='lat' dir='ltr'><strong>LIB.</strong></span> <span class='ocrx_word' id='word_1_4' title='bbox 1317 357 1380 389; x_wconf 92' lang='lat'>111.</span> <span class='ocrx_word' id='word_1_5' title='bbox 1672 357 1734 387; x_wconf 80' lang='lat'><strong>183</strong></span> 
     </span>
    </p>
   </div>
   <div class='ocr_carea' id='block_1_2' title="bbox 604 450 1289 720">
    <p class='ocr_par' dir='ltr' id='par_1_2' title="bbox 605 450 1266 527">
     <span class='ocr_line' id='line_1_2' title="bbox 605 450 1266 485; baseline -0.003 -5"><span class='ocrx_word' id='word_1_6' title='bbox 605 451 680 485; x_wconf 88' lang='lat' dir='ltr'><strong>Sors,</strong></span> <span class='ocrx_word' id='word_1_7' title='bbox 696 452 746 480; x_wconf 87' lang='lat' dir='ltr'><strong>ubi</strong></span> <span class='ocrx_word' id='word_1_8' title='bbox 760 451 880 480; x_wconf 80' lang='lat' dir='ltr'><strong>maturis</strong></span> <span class='ocrx_word' id='word_1_9' title='bbox 894 450 1011 478; x_wconf 82' lang='lat' dir='ltr'><strong>accessit</strong></span> <span class='ocrx_word' id='word_1_10' title='bbox 1025 450 1111 479; x_wconf 88' lang='lat' dir='ltr'><strong>robur</strong></span> <span class='ocrx_word' id='word_1_11' title='bbox 1125 450 1160 479; x_wconf 89' lang='lat' dir='ltr'><strong>ab</strong></span> <span class='ocrx_word' id='word_1_12' title='bbox 1174 450 1266 485; x_wconf 84' lang='lat' dir='ltr'><strong>annis,</strong></span> 
     </span>
     <span class='ocr_line' id='line_1_3' title="bbox 646 497 1158 527; baseline -0.006 0"><span class='ocrx_word' id='word_1_13' title='bbox 646 498 771 527; x_wconf 84' lang='lat' dir='ltr'><strong>Addidit</strong></span> <span class='ocrx_word' id='word_1_14' title='bbox 785 503 815 527; x_wconf 84' lang='lat' dir='ltr'><strong>et</strong></span> <span class='ocrx_word' id='word_1_15' title='bbox 829 497 909 526; x_wconf 85' lang='lat' dir='ltr'><strong>dotes</strong></span> <span class='ocrx_word' id='word_1_16' title='bbox 922 497 1071 525; x_wconf 82' lang='lat' dir='ltr'><strong>ambitiosa</strong></span> <span class='ocrx_word' id='word_1_17' title='bbox 1085 507 1158 525; x_wconf 86' lang='lat' dir='ltr'><strong>suas.</strong></span> 
     </span>
    </p>

    <p class='ocr_par' dir='ltr' id='par_1_3' title="bbox 604 543 1261 630">
     <span class='ocr_line' id='line_1_4' title="bbox 604 543 1261 584; baseline -0.003 -10"><span class='ocrx_word' id='word_1_18' title='bbox 604 545 663 574; x_wconf 83' lang='lat' dir='ltr'><strong>Sed</strong></span> <span class='ocrx_word' id='word_1_19' title='bbox 676 546 730 574; x_wconf 80' lang='lat' dir='ltr'><strong>sibi</strong></span> <span class='ocrx_word' id='word_1_20' title='bbox 744 544 882 584; x_wconf 82' lang='lat' dir='ltr'><strong>praeferri</strong></span> <span class='ocrx_word' id='word_1_21' title='bbox 899 543 1046 572; x_wconf 83' lang='lat' dir='ltr'><strong>Virtutem</strong></span> <span class='ocrx_word' id='word_1_22' title='bbox 1060 543 1143 577; x_wconf 83' lang='lat' dir='ltr'><strong>irata,</strong></span> <span class='ocrx_word' id='word_1_23' title='bbox 1158 543 1261 572; x_wconf 87' lang='lat' dir='ltr'><strong>doloris</strong></span> 
     </span>
     <span class='ocr_line' id='line_1_5' title="bbox 643 590 1180 630; baseline -0.006 -10"><span class='ocrx_word' id='word_1_24' title='bbox 643 592 750 630; x_wconf 88' lang='lat' dir='ltr'>Exegit</span> <span class='ocrx_word' id='word_1_25' title='bbox 764 601 878 630; x_wconf 85' lang='lat' dir='ltr'><strong>poenas,</strong></span> <span class='ocrx_word' id='word_1_26' title='bbox 893 590 1007 619; x_wconf 84' lang='lat' dir='ltr'><strong>vindice</strong></span> <span class='ocrx_word' id='word_1_27' title='bbox 1021 595 1112 618; x_wconf 88' lang='lat' dir='ltr'><strong>morte</strong></span> <span class='ocrx_word' id='word_1_28' title='bbox 1126 590 1180 618; x_wconf 87' lang='lat' dir='ltr'><strong>sui.</strong></span> 
     </span>
    </p>

    <p class='ocr_par' dir='ltr' id='par_1_4' title="bbox 604 637 1289 720">
     <span class='ocr_line' id='line_1_6' title="bbox 604 637 1289 674; baseline -0.004 -6"><span class='ocrx_word' id='word_1_29' title='bbox 604 639 636 667; x_wconf 91' lang='lat' dir='ltr'><strong>Si</strong></span> <span class='ocrx_word' id='word_1_30' title='bbox 649 649 783 668; x_wconf 81' lang='lat' dir='ltr'><strong>numeres</strong></span> <span class='ocrx_word' id='word_1_31' title='bbox 797 649 895 671; x_wconf 81' lang='lat' dir='ltr'><strong>annos,</strong></span> <span class='ocrx_word' id='word_1_32' title='bbox 910 637 1013 666; x_wconf 89' lang='lat' dir='ltr'><strong>cecidit</strong></span> <span class='ocrx_word' id='word_1_33' title='bbox 1028 637 1146 665; x_wconf 88' lang='lat' dir='ltr'>florente</span> <span class='ocrx_word' id='word_1_34' title='bbox 1158 637 1289 674; x_wconf 86' lang='lat' dir='ltr'><strong>juventa,</strong></span> 
     </span>
     <span class='ocr_line' id='line_1_7' title="bbox 644 684 1284 720; baseline -0.006 -5"><span class='ocrx_word' id='word_1_35' title='bbox 644 686 675 714; x_wconf 90' lang='lat' dir='ltr'><strong>Si</strong></span> <span class='ocrx_word' id='word_1_36' title='bbox 689 686 794 720; x_wconf 80' lang='lat' dir='ltr'><strong>studia,</strong></span> <span class='ocrx_word' id='word_1_37' title='bbox 809 691 839 715; x_wconf 88' lang='lat' dir='ltr'><strong>et</strong></span> <span class='ocrx_word' id='word_1_38' title='bbox 853 695 954 718; x_wconf 85' lang='lat' dir='ltr'><strong>mores,</strong></span> <span class='ocrx_word' id='word_1_39' title='bbox 969 690 999 713; x_wconf 89' lang='lat' dir='ltr'><strong>et</strong></span> <span class='ocrx_word' id='word_1_40' title='bbox 1013 684 1173 717; x_wconf 80' lang='lat' dir='ltr'><strong>benefacta,</strong></span> <span class='ocrx_word' id='word_1_41' title='bbox 1188 693 1284 712; x_wconf 87' lang='lat' dir='ltr'>senex.</span> 
     </span>
    </p>
   </div>
   <div class='ocr_carea' id='block_1_3' title="bbox 393 793 1639 896">
    <p class='ocr_par' dir='ltr' id='par_1_5' title="bbox 393 793 1639 896">
     <span class='ocr_line' id='line_1_8' title="bbox 393 793 1067 840; baseline -0.004 -12"><span class='ocrx_word' id='word_1_42' title='bbox 393 793 520 828; x_wconf 83' lang='lat' dir='ltr'><strong>Edidit</strong></span> <span class='ocrx_word' id='word_1_43' title='bbox 537 793 649 834; x_wconf 86' lang='lat' dir='ltr'><strong>varia,</strong></span> <span class='ocrx_word' id='word_1_44' title='bbox 668 794 729 828; x_wconf 90' lang='lat' dir='ltr'><strong>sed</strong></span> <span class='ocrx_word' id='word_1_45' title='bbox 747 805 813 840; x_wconf 87' lang='lat' dir='ltr'><strong>ego</strong></span> <span class='ocrx_word' id='word_1_46' title='bbox 830 798 973 828; x_wconf 88' lang='lat' dir='ltr'><strong>tantum</strong></span> <span class='ocrx_word' id='word_1_47' title='bbox 993 793 1067 826; x_wconf 89' lang='lat' dir='ltr'><strong>vidi</strong></span> 
     </span>
     <span class='ocr_line' id='line_1_9' title="bbox 490 850 1639 896; baseline -0.001 -10"><span class='ocrx_word' id='word_1_48' title='bbox 490 851 722 886; x_wconf 85' lang='lat' dir='ltr'><strong>Itinerarium</strong></span> <span class='ocrx_word' id='word_1_49' title='bbox 740 852 876 886; x_wconf 87' lang='lat' dir='ltr'><strong>Galliae</strong></span> <span class='ocrx_word' id='word_1_50' title='bbox 895 850 1111 896; x_wconf 84' lang='lat' dir='ltr'><strong>Sequanicae</strong></span> <span class='ocrx_word' id='word_1_51' title='bbox 1204 850 1264 884; x_wconf 92' lang='lat' dir='ltr'><strong>lib.</strong></span> <span class='ocrx_word' id='word_1_52' title='bbox 1285 859 1310 884; x_wconf 90' lang='lat'><strong>1.</strong></span> <span class='ocrx_word' id='word_1_53' title='bbox 1329 850 1463 894; x_wconf 90' lang='lat' dir='ltr'><strong>prodiit</strong></span> <span class='ocrx_word' id='word_1_54' title='bbox 1481 851 1639 886; x_wconf 85' lang='lat' dir='ltr'><strong>Parisiis.</strong></span> 
     </span>
    </p>
   </div>
   <div class='ocr_carea' id='block_1_4' title="bbox 492 908 1734 1071">
    <p class='ocr_par' dir='ltr' id='par_1_6' title="bbox 492 908 1734 1071">
     <span class='ocr_line' id='line_1_10' title="bbox 492 908 1727 944; baseline 0 -1"><span class='ocrx_word' id='word_1_55' title='bbox 492 909 743 944; x_wconf 91' lang='lat' dir='ltr'><strong>Helvetiorum</strong></span> <span class='ocrx_word' id='word_1_56' title='bbox 760 910 881 943; x_wconf 83' lang='lat' dir='ltr'><strong>Mores</strong></span> <span class='ocrx_word' id='word_1_57' title='bbox 1205 908 1266 942; x_wconf 90' lang='lat' dir='ltr'><strong>lib.</strong></span> <span class='ocrx_word' id='word_1_58' title='bbox 1286 917 1311 942; x_wconf 94' lang='lat'><strong>1.</strong></span> <span class='ocrx_word' id='word_1_59' title='bbox 1343 908 1422 942; x_wconf 89' lang='lat' dir='ltr'><strong>MS.</strong></span> <span class='ocrx_word' id='word_1_60' title='bbox 1451 908 1489 942; x_wconf 88' lang='lat' dir='ltr'><strong>in</strong></span> <span class='ocrx_word' id='word_1_61' title='bbox 1516 908 1727 943; x_wconf 84' lang='lat' dir='ltr'><strong>bibliotheca</strong></span> 
     </span>
     <span class='ocr_line' id='line_1_11' title="bbox 538 966 884 1013; baseline 0 -12"><span class='ocrx_word' id='word_1_62' title='bbox 538 966 563 1001; x_wconf 88' lang='lat' dir='ltr'><strong>J</strong></span> <span class='ocrx_word' id='word_1_63' title='bbox 565 967 664 1001; x_wconf 88' lang='lat' dir='ltr'><strong>acobi</strong></span> <span class='ocrx_word' id='word_1_64' title='bbox 682 967 884 1013; x_wconf 88' lang='lat' dir='ltr'><strong>Bongarsii.</strong></span> 
     </span>
     <span class='ocr_line' id='line_1_12' title="bbox 492 1024 1734 1071; baseline 0.001 -13"><span class='ocrx_word' id='word_1_65' title='bbox 492 1024 639 1071; x_wconf 89' lang='lat' dir='ltr'><strong>Elegias</strong></span> <span class='ocrx_word' id='word_1_66' title='bbox 1204 1025 1265 1059; x_wconf 90' lang='lat' dir='ltr'><strong>lib.</strong></span> <span class='ocrx_word' id='word_1_67' title='bbox 1285 1034 1311 1058; x_wconf 90' lang='lat'><strong>1.</strong></span> <span class='ocrx_word' id='word_1_68' title='bbox 1329 1025 1539 1069; x_wconf 90' lang='lat' dir='ltr'><strong>prodierunt</strong></span> <span class='ocrx_word' id='word_1_69' title='bbox 1552 1024 1734 1071; x_wconf 81' lang='lat' dir='ltr'><strong>Lugduni.</strong></span> 
     </span>
    </p>
   </div>
   <div class='ocr_carea' id='block_1_5' title="bbox 392 1082 1459 1232">
    <p class='ocr_par' dir='ltr' id='par_1_7' title="bbox 392 1082 1459 1232">
     <span class='ocr_line' id='line_1_13' title="bbox 392 1082 1459 1117; baseline -0.001 0"><span class='ocrx_word' id='word_1_70' title='bbox 392 1083 493 1117; x_wconf 85' lang='lat' dir='ltr'><strong>Obiit</strong></span> <span class='ocrx_word' id='word_1_71' title='bbox 511 1094 606 1117; x_wconf 88' lang='lat' dir='ltr'><strong>anno</strong></span> <span class='ocrx_word' id='word_1_72' title='bbox 623 1083 750 1117; x_wconf 86' lang='lat' dir='ltr'><strong>aetatis</strong></span> <span class='ocrx_word' id='word_1_73' title='bbox 769 1091 869 1116; x_wconf 84' lang='lat' dir='ltr'>XXV.</span> <span class='ocrx_word' id='word_1_74' title='bbox 887 1083 950 1116; x_wconf 87' lang='lat' dir='ltr'><strong>sal.</strong></span> <span class='ocrx_word' id='word_1_75' title='bbox 972 1091 1172 1116; x_wconf 81' lang='lat' dir='ltr'>MDLXXII.</span> <span class='ocrx_word' id='word_1_76' title='bbox 1192 1082 1368 1116; x_wconf 89' lang='lat' dir='ltr'><strong>incertum</strong></span> <span class='ocrx_word' id='word_1_77' title='bbox 1386 1082 1459 1116; x_wconf 89' lang='lat' dir='ltr'><strong>ubi.</strong></span> 
     </span>
     <span class='ocr_line' id='line_1_14' title="bbox 664 1197 1413 1232; baseline 0 0"><span class='ocrx_word' id='word_1_78' title='bbox 664 1197 938 1232; x_wconf 88' lang='lat' dir='ltr'>PATRICIUS</span> <span class='ocrx_word' id='word_1_79' title='bbox 964 1197 1277 1232; x_wconf 87' lang='lat' dir='ltr'><strong>COCBURNUS.</strong></span> <span class='ocrx_word' id='word_1_80' title='bbox 1331 1200 1413 1232; x_wconf 79' lang='lat'><strong>320.</strong></span> 
     </span>
    </p>
   </div>
   <div class='ocr_carea' id='block_1_6' title="bbox 343 1313 1740 1591">
    <p class='ocr_par' dir='ltr' id='par_1_8' title="bbox 343 1313 1740 1532">
     <span class='ocr_line' id='line_1_15' title="bbox 345 1313 1739 1360; baseline 0.001 -13"><span class='ocrx_word' id='word_1_81' title='bbox 345 1315 568 1348; x_wconf 78' lang='lat' dir='ltr'>PATRICIUS</span> <span class='ocrx_word' id='word_1_82' title='bbox 587 1314 808 1355; x_wconf 88' lang='lat' dir='ltr'><strong>Cocburnus,</strong></span> <span class='ocrx_word' id='word_1_83' title='bbox 828 1314 973 1360; x_wconf 87' lang='lat' dir='ltr'><strong>gentilis</strong></span> <span class='ocrx_word' id='word_1_84' title='bbox 988 1314 1146 1353; x_wconf 83' lang='lat' dir='ltr'><strong>alterius,</strong></span> <span class='ocrx_word' id='word_1_85' title='bbox 1164 1313 1331 1348; x_wconf 87' lang='lat' dir='ltr'><strong>Lutetiae</strong></span> <span class='ocrx_word' id='word_1_86' title='bbox 1349 1314 1457 1349; x_wconf 90' lang='lat' dir='ltr'><strong>etiam</strong></span> <span class='ocrx_word' id='word_1_87' title='bbox 1475 1314 1585 1348; x_wconf 89' lang='lat' dir='ltr'><strong>trium</strong></span> <span class='ocrx_word' id='word_1_88' title='bbox 1599 1315 1739 1360; x_wconf 84' lang='lat' dir='ltr'><strong>lingua-</strong></span> 
     </span>
     <span class='ocr_line' id='line_1_16' title="bbox 343 1370 1740 1416; baseline 0 -11"><span class='ocrx_word' id='word_1_89' title='bbox 343 1383 424 1405; x_wconf 83' lang='lat' dir='ltr'><strong>rum</strong></span> <span class='ocrx_word' id='word_1_90' title='bbox 450 1372 580 1416; x_wconf 86' lang='lat' dir='ltr'><strong>peritia</strong></span> <span class='ocrx_word' id='word_1_91' title='bbox 603 1372 831 1412; x_wconf 86' lang='lat' dir='ltr'><strong>inclaruerat,</strong></span> <span class='ocrx_word' id='word_1_92' title='bbox 857 1371 1022 1411; x_wconf 86' lang='lat' dir='ltr'><strong>Graecae,</strong></span> <span class='ocrx_word' id='word_1_93' title='bbox 1047 1370 1210 1411; x_wconf 88' lang='lat' dir='ltr'><strong>Latinae,</strong></span> <span class='ocrx_word' id='word_1_94' title='bbox 1238 1371 1445 1412; x_wconf 86' lang='lat' dir='ltr'><strong>Hebraicae,</strong></span> <span class='ocrx_word' id='word_1_95' title='bbox 1473 1376 1515 1406; x_wconf 90' lang='lat' dir='ltr'><strong>ut</strong></span> <span class='ocrx_word' id='word_1_96' title='bbox 1541 1383 1672 1416; x_wconf 88' lang='lat' dir='ltr'><strong>paucos</strong></span> <span class='ocrx_word' id='word_1_97' title='bbox 1698 1384 1740 1406; x_wconf 87' lang='lat' dir='ltr'><strong>ea</strong></span> 
     </span>
     <span class='ocr_line' id='line_1_17' title="bbox 343 1427 1740 1474; baseline 0.001 -12"><span class='ocrx_word' id='word_1_98' title='bbox 343 1434 553 1474; x_wconf 85' lang='lat' dir='ltr'><strong>tempestate</strong></span> <span class='ocrx_word' id='word_1_99' title='bbox 571 1441 673 1474; x_wconf 88' lang='lat' dir='ltr'><strong>pares</strong></span> <span class='ocrx_word' id='word_1_100' title='bbox 692 1430 730 1463; x_wconf 90' lang='lat' dir='ltr'><strong>in</strong></span> <span class='ocrx_word' id='word_1_101' title='bbox 748 1429 909 1473; x_wconf 89' lang='lat' dir='ltr'><strong>Europa,</strong></span> <span class='ocrx_word' id='word_1_102' title='bbox 927 1429 1060 1462; x_wconf 90' lang='lat' dir='ltr'><strong>nedum</strong></span> <span class='ocrx_word' id='word_1_103' title='bbox 1077 1428 1116 1461; x_wconf 89' lang='lat' dir='ltr'><strong>in</strong></span> <span class='ocrx_word' id='word_1_104' title='bbox 1140 1427 1268 1469; x_wconf 83' lang='lat' dir='ltr'><strong>Gallia,</strong></span> <span class='ocrx_word' id='word_1_105' title='bbox 1293 1429 1449 1463; x_wconf 90' lang='lat' dir='ltr'><strong>haberet.</strong></span> <span class='ocrx_word' id='word_1_106' title='bbox 1475 1428 1662 1464; x_wconf 84' lang='lat' dir='ltr'><strong>Professus</strong></span> <span class='ocrx_word' id='word_1_107' title='bbox 1687 1435 1740 1464; x_wconf 89' lang='lat' dir='ltr'><strong>est</strong></span> 
     </span>
     <span class='ocr_line' id='line_1_18' title="bbox 343 1486 973 1532; baseline -0.003 -11"><span class='ocrx_word' id='word_1_108' title='bbox 343 1498 474 1532; x_wconf 84' lang='lat' dir='ltr'><strong>magna</strong></span> <span class='ocrx_word' id='word_1_109' title='bbox 492 1487 599 1528; x_wconf 85' lang='lat' dir='ltr'><strong>fama,</strong></span> <span class='ocrx_word' id='word_1_110' title='bbox 618 1491 654 1521; x_wconf 91' lang='lat' dir='ltr'><strong>et</strong></span> <span class='ocrx_word' id='word_1_111' title='bbox 672 1487 811 1521; x_wconf 85' lang='lat' dir='ltr'><strong>erudite</strong></span> <span class='ocrx_word' id='word_1_112' title='bbox 830 1486 973 1530; x_wconf 88' lang='lat' dir='ltr'><strong>scripsit</strong></span> 
     </span>
    </p>

    <p class='ocr_par' dir='ltr' id='par_1_9' title="bbox 491 1543 1394 1591">
     <span class='ocr_line' id='line_1_19' title="bbox 491 1543 1394 1591; baseline -0.001 -12"><span class='ocrx_word' id='word_1_113' title='bbox 491 1545 547 1579; x_wconf 93' lang='lat' dir='ltr'><strong>De</strong></span> <span class='ocrx_word' id='word_1_114' title='bbox 565 1545 706 1591; x_wconf 87' lang='lat' dir='ltr'><strong>vulgari</strong></span> <span class='ocrx_word' id='word_1_115' title='bbox 725 1555 843 1578; x_wconf 86' lang='lat' dir='ltr'><strong>sacrae</strong></span> <span class='ocrx_word' id='word_1_116' title='bbox 862 1543 1066 1588; x_wconf 87' lang='lat' dir='ltr'><strong>Scripturae</strong></span> <span class='ocrx_word' id='word_1_117' title='bbox 1084 1543 1213 1578; x_wconf 84' lang='lat' dir='ltr'><strong>Phrasi</strong></span> <span class='ocrx_word' id='word_1_118' title='bbox 1287 1544 1348 1578; x_wconf 90' lang='lat' dir='ltr'><strong>lib.</strong></span> <span class='ocrx_word' id='word_1_119' title='bbox 1369 1553 1394 1578; x_wconf 89' lang='lat'><strong>1.</strong></span> 
     </span>
    </p>
   </div>
   <div class='ocr_carea' id='block_1_7' title="bbox 490 1600 1740 1819">
    <p class='ocr_par' dir='ltr' id='par_1_10' title="bbox 490 1600 1740 1819">
     <span class='ocr_line' id='line_1_20' title="bbox 490 1600 1393 1637; baseline -0.002 0"><span class='ocrx_word' id='word_1_120' title='bbox 490 1603 546 1637; x_wconf 94' lang='lat' dir='ltr'><strong>De</strong></span> <span class='ocrx_word' id='word_1_121' title='bbox 564 1602 788 1637; x_wconf 80' lang='lat' dir='ltr'><strong>Excellentia</strong></span> <span class='ocrx_word' id='word_1_122' title='bbox 806 1601 918 1637; x_wconf 87' lang='lat' dir='ltr'><strong>Verbi</strong></span> <span class='ocrx_word' id='word_1_123' title='bbox 936 1600 1005 1635; x_wconf 91' lang='lat' dir='ltr'><strong>Dei</strong></span> <span class='ocrx_word' id='word_1_124' title='bbox 1286 1602 1347 1636; x_wconf 86' lang='lat' dir='ltr'><strong>lib.</strong></span> <span class='ocrx_word' id='word_1_125' title='bbox 1369 1611 1393 1635; x_wconf 90' lang='lat'><strong>1.</strong></span> 
     </span>
     <span class='ocr_line' id='line_1_21' title="bbox 492 1658 1392 1703; baseline -0.002 -9"><span class='ocrx_word' id='word_1_126' title='bbox 492 1660 547 1694; x_wconf 92' lang='lat' dir='ltr'><strong>De</strong></span> <span class='ocrx_word' id='word_1_127' title='bbox 566 1661 716 1694; x_wconf 89' lang='lat' dir='ltr'><strong>Peccato</strong></span> <span class='ocrx_word' id='word_1_128' title='bbox 735 1660 773 1694; x_wconf 89' lang='lat' dir='ltr'><strong>in</strong></span> <span class='ocrx_word' id='word_1_129' title='bbox 792 1659 967 1703; x_wconf 86' lang='lat' dir='ltr'><strong>Spiritum</strong></span> <span class='ocrx_word' id='word_1_130' title='bbox 986 1658 1155 1692; x_wconf 89' lang='lat' dir='ltr'><strong>Sanctum</strong></span> <span class='ocrx_word' id='word_1_131' title='bbox 1286 1659 1347 1693; x_wconf 87' lang='lat' dir='ltr'><strong>lib.</strong></span> <span class='ocrx_word' id='word_1_132' title='bbox 1369 1668 1392 1692; x_wconf 94' lang='lat'><strong>1.</strong></span> 
     </span>
     <span class='ocr_line' id='line_1_22' title="bbox 490 1717 1393 1762; baseline -0.002 -11"><span class='ocrx_word' id='word_1_133' title='bbox 490 1717 673 1762; x_wconf 86' lang='lat' dir='ltr'><strong>Epistolas</strong></span> <span class='ocrx_word' id='word_1_134' title='bbox 1287 1717 1348 1750; x_wconf 88' lang='lat' dir='ltr'><strong>lib.</strong></span> <span class='ocrx_word' id='word_1_135' title='bbox 1369 1725 1393 1750; x_wconf 93' lang='lat'><strong>1.</strong></span> 
     </span>
     <span class='ocr_line' id='line_1_23' title="bbox 493 1774 1740 1819; baseline 0.002 -11"><span class='ocrx_word' id='word_1_136' title='bbox 493 1775 682 1809; x_wconf 89' lang='lat' dir='ltr'><strong>Orationes</strong></span> <span class='ocrx_word' id='word_1_137' title='bbox 1290 1774 1351 1807; x_wconf 88' lang='lat' dir='ltr'><strong>lib.</strong></span> <span class='ocrx_word' id='word_1_138' title='bbox 1371 1783 1396 1807; x_wconf 91' lang='lat'><strong>1.</strong></span> <span class='ocrx_word' id='word_1_139' title='bbox 1429 1774 1552 1809; x_wconf 88' lang='lat' dir='ltr'><strong>Prima</strong></span> <span class='ocrx_word' id='word_1_140' title='bbox 1572 1777 1740 1819; x_wconf 85' lang='lat' dir='ltr'><strong>opuscula</strong></span> 
     </span>
    </p>
   </div>
   <div class='ocr_carea' id='block_1_8' title="bbox 395 1830 1498 1927">
    <p class='ocr_par' dir='ltr' id='par_1_11' title="bbox 395 1830 1498 1927">
     <span class='ocr_line' id='line_1_24' title="bbox 541 1830 1498 1878; baseline -0.001 -11"><span class='ocrx_word' id='word_1_141' title='bbox 541 1834 635 1878; x_wconf 91' lang='lat' dir='ltr'><strong>apud</strong></span> <span class='ocrx_word' id='word_1_142' title='bbox 655 1833 855 1868; x_wconf 91' lang='lat' dir='ltr'><strong>Robertum</strong></span> <span class='ocrx_word' id='word_1_143' title='bbox 874 1831 1092 1867; x_wconf 83' lang='lat' dir='ltr'><strong>Gravionem</strong></span> <span class='ocrx_word' id='word_1_144' title='bbox 1111 1830 1259 1866; x_wconf 87' lang='lat' dir='ltr'><strong>Parisiis</strong></span> <span class='ocrx_word' id='word_1_145' title='bbox 1277 1831 1498 1875; x_wconf 86' lang='lat' dir='ltr'><strong>prodierunt.</strong></span> 
     </span>
     <span class='ocr_line' id='line_1_25' title="bbox 395 1891 808 1927; baseline -0.007 0"><span class='ocrx_word' id='word_1_146' title='bbox 395 1891 554 1927; x_wconf 86' lang='lat' dir='ltr'><strong>Docebat</strong></span> <span class='ocrx_word' id='word_1_147' title='bbox 573 1902 667 1926; x_wconf 85' lang='lat' dir='ltr'><strong>anno</strong></span> <span class='ocrx_word' id='word_1_148' title='bbox 687 1899 808 1925; x_wconf 89' lang='lat' dir='ltr'><strong>MDLI.</strong></span> 
     </span>
    </p>
   </div>
   <div class='ocr_carea' id='block_1_9' title="bbox 816 2006 1268 2042">
    <p class='ocr_par' dir='ltr' id='par_1_12' title="bbox 816 2006 1268 2042">
     <span class='ocr_line' id='line_1_26' title="bbox 816 2006 1268 2042; baseline 0 -1"><span class='ocrx_word' id='word_1_149' title='bbox 816 2006 1134 2042; x_wconf 88' lang='lat' dir='ltr'><strong>COROVANUS.</strong></span> <span class='ocrx_word' id='word_1_150' title='bbox 1185 2009 1252 2041; x_wconf 75' lang='lat'><strong>321</strong></span> <span class='ocrx_word' id='word_1_151' title='bbox 1259 2031 1268 2041; x_wconf 85' lang='lat'><strong>.</strong></span> 
     </span>
    </p>
   </div>
   <div class='ocr_carea' id='block_1_10' title="bbox 345 2122 1742 2456">
    <p class='ocr_par' dir='ltr' id='par_1_13' title="bbox 345 2122 1742 2456">
     <span class='ocr_line' id='line_1_27' title="bbox 346 2122 1740 2167; baseline 0.001 -10"><span class='ocrx_word' id='word_1_152' title='bbox 346 2124 607 2164; x_wconf 85' lang='lat' dir='ltr'><strong>COROVANUS,</strong></span> <span class='ocrx_word' id='word_1_153' title='bbox 643 2126 750 2167; x_wconf 88' lang='lat' dir='ltr'><strong>poeta</strong></span> <span class='ocrx_word' id='word_1_154' title='bbox 788 2127 929 2157; x_wconf 86' lang='lat' dir='ltr'><strong>nostras</strong></span> <span class='ocrx_word' id='word_1_155' title='bbox 968 2122 1245 2164; x_wconf 87' lang='lat' dir='ltr'><strong>vetustissimus,</strong></span> <span class='ocrx_word' id='word_1_156' title='bbox 1292 2123 1425 2158; x_wconf 90' lang='lat' dir='ltr'><strong>scilicet</strong></span> <span class='ocrx_word' id='word_1_157' title='bbox 1468 2135 1511 2158; x_wconf 87' lang='lat' dir='ltr'><strong>ex</strong></span> <span class='ocrx_word' id='word_1_158' title='bbox 1550 2123 1740 2158; x_wconf 89' lang='lat' dir='ltr'><strong>bardorum</strong></span> 
     </span>
     <span class='ocr_line' id='line_1_28' title="bbox 345 2180 1740 2227; baseline -0.001 -11"><span class='ocrx_word' id='word_1_159' title='bbox 345 2193 484 2227; x_wconf 85' lang='lat' dir='ltr'><strong>genere,</strong></span> <span class='ocrx_word' id='word_1_160' title='bbox 519 2181 562 2215; x_wconf 90' lang='lat' dir='ltr'><strong>de</strong></span> <span class='ocrx_word' id='word_1_161' title='bbox 592 2191 663 2226; x_wconf 93' lang='lat' dir='ltr'><strong>quo</strong></span> <span class='ocrx_word' id='word_1_162' title='bbox 693 2181 810 2214; x_wconf 93' lang='lat' dir='ltr'><strong>locum</strong></span> <span class='ocrx_word' id='word_1_163' title='bbox 841 2180 1047 2214; x_wconf 87' lang='lat' dir='ltr'><strong>Adamanni</strong></span> <span class='ocrx_word' id='word_1_164' title='bbox 1078 2180 1219 2214; x_wconf 87' lang='lat' dir='ltr'><strong>Coludii</strong></span> <span class='ocrx_word' id='word_1_165' title='bbox 1255 2180 1350 2215; x_wconf 88' lang='lat' dir='ltr'><strong>Scoti</strong></span> <span class='ocrx_word' id='word_1_166' title='bbox 1386 2181 1448 2216; x_wconf 89' lang='lat' dir='ltr'><strong>lib.</strong></span> <span class='ocrx_word' id='word_1_167' title='bbox 1481 2191 1506 2215; x_wconf 87' lang='grc' dir='ltr'><strong>Ι.</strong></span> <span class='ocrx_word' id='word_1_168' title='bbox 1535 2181 1578 2215; x_wconf 90' lang='lat' dir='ltr'><strong>de</strong></span> <span class='ocrx_word' id='word_1_169' title='bbox 1610 2181 1740 2216; x_wconf 87' lang='lat' dir='ltr'><strong>Sancto</strong></span> 
     </span>
     <span class='ocr_line' id='line_1_29' title="bbox 346 2238 1741 2284; baseline 0.001 -12"><span class='ocrx_word' id='word_1_170' title='bbox 346 2238 567 2273; x_wconf 89' lang='lat' dir='ltr'><strong>Columbano</strong></span> <span class='ocrx_word' id='word_1_171' title='bbox 592 2238 697 2273; x_wconf 87' lang='lat' dir='ltr'><strong>Scoto</strong></span> <span class='ocrx_word' id='word_1_172' title='bbox 720 2249 802 2284; x_wconf 88' lang='lat' dir='ltr'><strong>pag.</strong></span> <span class='ocrx_word' id='word_1_173' title='bbox 823 2246 935 2272; x_wconf 87' lang='lat' dir='ltr'><strong>DLVI.</strong></span> <span class='ocrx_word' id='word_1_174' title='bbox 961 2242 983 2257; x_wconf 81' lang='lat'><strong>‘⁶</strong></span> <span class='ocrx_word' id='word_1_175' title='bbox 1001 2238 1086 2272; x_wconf 92' lang='lat' dir='ltr'><strong>Alio</strong></span> <span class='ocrx_word' id='word_1_176' title='bbox 1104 2242 1263 2283; x_wconf 87' lang='lat' dir='ltr'><strong>tempore</strong></span> <span class='ocrx_word' id='word_1_177' title='bbox 1281 2250 1361 2272; x_wconf 90' lang='lat' dir='ltr'><strong>cum</strong></span> <span class='ocrx_word' id='word_1_178' title='bbox 1380 2243 1523 2273; x_wconf 84' lang='lat' dir='ltr'><strong>sanctus</strong></span> <span class='ocrx_word' id='word_1_179' title='bbox 1542 2250 1652 2284; x_wconf 90' lang='lat' dir='ltr'><strong>prope</strong></span> <span class='ocrx_word' id='word_1_180' title='bbox 1669 2243 1741 2273; x_wconf 86' lang='lat' dir='ltr'><strong>sta-</strong></span> 
     </span>
     <span class='ocr_line' id='line_1_30' title="bbox 345 2295 1741 2342; baseline 0 -12"><span class='ocrx_word' id='word_1_181' title='bbox 345 2307 458 2342; x_wconf 84' lang='lat' dir='ltr'><strong>gnum</strong></span> <span class='ocrx_word' id='word_1_182' title='bbox 477 2296 551 2337; x_wconf 91' lang='lat' dir='ltr'><strong>Cei,</strong></span> <span class='ocrx_word' id='word_1_183' title='bbox 565 2297 672 2342; x_wconf 86' lang='lat' dir='ltr'><strong>juxta</strong></span> <span class='ocrx_word' id='word_1_184' title='bbox 690 2296 823 2330; x_wconf 90' lang='lat' dir='ltr'><strong>ostium</strong></span> <span class='ocrx_word' id='word_1_185' title='bbox 841 2295 1011 2336; x_wconf 87' lang='lat' dir='ltr'><strong>fluminis,</strong></span> <span class='ocrx_word' id='word_1_186' title='bbox 1029 2296 1125 2340; x_wconf 89' lang='lat' dir='ltr'><strong>quod</strong></span> <span class='ocrx_word' id='word_1_187' title='bbox 1142 2295 1283 2330; x_wconf 85' lang='lat' dir='ltr'><strong>Latinis</strong></span> <span class='ocrx_word' id='word_1_188' title='bbox 1297 2296 1371 2331; x_wconf 87' lang='lat' dir='ltr'><strong>Bos</strong></span> <span class='ocrx_word' id='word_1_189' title='bbox 1385 2297 1527 2338; x_wconf 86' lang='lat' dir='ltr'><strong>dicitur,</strong></span> <span class='ocrx_word' id='word_1_190' title='bbox 1547 2297 1604 2330; x_wconf 88' lang='lat' dir='ltr'><strong>die</strong></span> <span class='ocrx_word' id='word_1_191' title='bbox 1622 2297 1741 2341; x_wconf 83' lang='lat' dir='ltr'><strong>aliqua</strong></span> 
     </span>
     <span class='ocr_line' id='line_1_31' title="bbox 346 2352 1742 2399; baseline 0 -11"><span class='ocrx_word' id='word_1_192' title='bbox 346 2365 427 2388; x_wconf 86' lang='lat' dir='ltr'><strong>cum</strong></span> <span class='ocrx_word' id='word_1_193' title='bbox 444 2354 616 2388; x_wconf 87' lang='lat' dir='ltr'><strong>fratribus</strong></span> <span class='ocrx_word' id='word_1_194' title='bbox 635 2354 782 2393; x_wconf 86' lang='lat' dir='ltr'><strong>sederet,</strong></span> <span class='ocrx_word' id='word_1_195' title='bbox 801 2354 946 2397; x_wconf 87' lang='lat' dir='ltr'><strong>quidam</strong></span> <span class='ocrx_word' id='word_1_196' title='bbox 964 2354 1009 2388; x_wconf 89' lang='lat' dir='ltr'><strong>ad</strong></span> <span class='ocrx_word' id='word_1_197' title='bbox 1028 2364 1086 2387; x_wconf 92' lang='lat' dir='ltr'><strong>eos</strong></span> <span class='ocrx_word' id='word_1_198' title='bbox 1105 2352 1263 2388; x_wconf 90' lang='lat' dir='ltr'><strong>Scoticus</strong></span> <span class='ocrx_word' id='word_1_199' title='bbox 1281 2359 1385 2399; x_wconf 88' lang='lat' dir='ltr'><strong>poeta</strong></span> <span class='ocrx_word' id='word_1_200' title='bbox 1403 2355 1558 2395; x_wconf 89' lang='lat' dir='ltr'><strong>devenit,</strong></span> <span class='ocrx_word' id='word_1_201' title='bbox 1580 2355 1643 2399; x_wconf 93' lang='lat' dir='ltr'><strong>qui</strong></span> <span class='ocrx_word' id='word_1_202' title='bbox 1661 2365 1742 2388; x_wconf 91' lang='lat' dir='ltr'><strong>cum</strong></span> 
     </span>
     <span class='ocr_line' id='line_1_32' title="bbox 346 2411 1741 2456; baseline 0 -10"><span class='ocrx_word' id='word_1_203' title='bbox 346 2416 426 2456; x_wconf 87' lang='lat' dir='ltr'><strong>post</strong></span> <span class='ocrx_word' id='word_1_204' title='bbox 438 2412 594 2456; x_wconf 88' lang='lat' dir='ltr'><strong>aliquam</strong></span> <span class='ocrx_word' id='word_1_205' title='bbox 603 2411 803 2445; x_wconf 89' lang='lat' dir='ltr'><strong>recessisset</strong></span> <span class='ocrx_word' id='word_1_206' title='bbox 811 2411 1152 2452; x_wconf 86' lang='lat' dir='ltr'><strong>sermocinationem,</strong></span> <span class='ocrx_word' id='word_1_207' title='bbox 1162 2411 1290 2447; x_wconf 86' lang='lat' dir='ltr'><strong>fratres</strong></span> <span class='ocrx_word' id='word_1_208' title='bbox 1302 2413 1346 2447; x_wconf 90' lang='lat' dir='ltr'><strong>ad</strong></span> <span class='ocrx_word' id='word_1_209' title='bbox 1357 2417 1531 2454; x_wconf 88' lang='lat' dir='ltr'><strong>sanctum,</strong></span> <span class='ocrx_word' id='word_1_210' title='bbox 1544 2424 1618 2454; x_wconf 92' lang='lat' dir='ltr'><strong>cur,</strong></span> <span class='ocrx_word' id='word_1_211' title='bbox 1629 2413 1741 2452; x_wconf 89' lang='lat' dir='ltr'><strong>aiunt,</strong></span> 
     </span>
    </p>
   </div>
   <div class='ocr_carea' id='block_1_11' title="bbox 345 2468 1741 2561">
    <p class='ocr_par' dir='ltr' id='par_1_14' title="bbox 345 2468 1741 2561">
     <span class='ocr_line' id='line_1_33' title="bbox 345 2468 1741 2516; baseline 0 -12"><span class='ocrx_word' id='word_1_212' title='bbox 345 2481 366 2503; x_wconf 87' lang='lat' dir='ltr'><strong>a</strong></span> <span class='ocrx_word' id='word_1_213' title='bbox 383 2469 484 2504; x_wconf 90' lang='lat' dir='ltr'><strong>nobis</strong></span> <span class='ocrx_word' id='word_1_214' title='bbox 501 2469 724 2516; x_wconf 88' lang='lat' dir='ltr'><strong>regrediente</strong></span> <span class='ocrx_word' id='word_1_215' title='bbox 743 2468 929 2504; x_wconf 84' lang='lat' dir='ltr'><strong>Corovano</strong></span> <span class='ocrx_word' id='word_1_216' title='bbox 946 2469 1091 2513; x_wconf 89' lang='lat' dir='ltr'><strong>aliquod</strong></span> <span class='ocrx_word' id='word_1_217' title='bbox 1109 2481 1193 2505; x_wconf 90' lang='lat' dir='ltr'><strong>suae</strong></span> <span class='ocrx_word' id='word_1_218' title='bbox 1214 2470 1302 2505; x_wconf 88' lang='lat' dir='ltr'><strong>artis</strong></span> <span class='ocrx_word' id='word_1_219' title='bbox 1325 2471 1503 2506; x_wconf 87' lang='lat' dir='ltr'><strong>canticum</strong></span> <span class='ocrx_word' id='word_1_220' title='bbox 1526 2482 1598 2506; x_wconf 91' lang='lat' dir='ltr'><strong>non</strong></span> <span class='ocrx_word' id='word_1_221' title='bbox 1621 2476 1741 2515; x_wconf 90' lang='lat' dir='ltr'><strong>postu-</strong></span> 
     </span>
     <span class='ocr_line' id='line_1_34' title="bbox 999 2529 1063 2561; baseline 0 0"><span class='ocrx_word' id='word_1_222' title='bbox 999 2529 1021 2561; x_wconf 74' lang='lat'>2</span> <span class='ocrx_word' id='word_1_223' title='bbox 1040 2535 1063 2561; x_wconf 92' lang='grc' dir='ltr'>Β</span> 
     </span>
    </p>
   </div>
  </div>
 </body>
</html>
