<?xml version="1.0" encoding="UTF-8"?>
<!DOCTYPE html PUBLIC "-//W3C//DTD XHTML 1.0 Transitional//EN"
    "http://www.w3.org/TR/xhtml1/DTD/xhtml1-transitional.dtd">
<html xmlns="http://www.w3.org/1999/xhtml" xml:lang="en" lang="en">
 <head>
  <title>
</title>
<meta http-equiv="Content-Type" content="text/html;charset=utf-8" />
  <meta name='ocr-system' content='tesseract 3.04.00' />
  <meta name='ocr-capabilities' content='ocr_page ocr_carea ocr_par ocr_line ocrx_word'/>
</head>
<body>
  <div class='ocr_page' id='page_1' title='image "./thomaedempste2101dempuoft_0151.png"; bbox 0 0 2032 2912; ppageno 0'>
   <div class='ocr_carea' id='block_1_1' title="bbox 689 363 1719 405">
    <p class='ocr_par' dir='ltr' id='par_1_1' title="bbox 689 363 1719 405">
     <span class='ocr_line' id='line_1_1' title="bbox 689 363 1719 405; baseline -0.002 -5"><span class='ocrx_word' id='word_1_1' title='bbox 689 367 865 400; x_wconf 86' lang='lat' dir='ltr'><strong>GENTIS</strong></span> <span class='ocrx_word' id='word_1_2' title='bbox 890 363 1167 405; x_wconf 86' lang='lat' dir='ltr'><strong>SCOTORUM,</strong></span> <span class='ocrx_word' id='word_1_3' title='bbox 1193 366 1281 399; x_wconf 86' lang='lat' dir='ltr'><strong>LIB.</strong></span> <span class='ocrx_word' id='word_1_4' title='bbox 1308 366 1353 398; x_wconf 94' lang='lat' dir='ltr'><strong>II.</strong></span> <span class='ocrx_word' id='word_1_5' title='bbox 1678 368 1719 399; x_wconf 85' lang='lat'><strong>89</strong></span> 
     </span>
    </p>
   </div>
   <div class='ocr_carea' id='block_1_2' title="bbox 324 460 1716 620">
    <p class='ocr_par' dir='ltr' id='par_1_2' title="bbox 324 460 1716 620">
     <span class='ocr_line' id='line_1_2' title="bbox 374 460 1716 507; baseline -0.001 -11"><span class='ocrx_word' id='word_1_6' title='bbox 374 461 591 507; x_wconf 87' lang='lat' dir='ltr'><strong>Martyrium</strong></span> <span class='ocrx_word' id='word_1_7' title='bbox 605 472 730 507; x_wconf 87' lang='lat' dir='ltr'><strong>passus</strong></span> <span class='ocrx_word' id='word_1_8' title='bbox 743 466 796 496; x_wconf 91' lang='lat' dir='ltr'><strong>est</strong></span> <span class='ocrx_word' id='word_1_9' title='bbox 810 462 868 496; x_wconf 89' lang='lat' dir='ltr'><strong>die</strong></span> <span class='ocrx_word' id='word_1_10' title='bbox 881 469 1034 495; x_wconf 80' lang='lat' dir='ltr'><strong>xxvnl.</strong></span> <span class='ocrx_word' id='word_1_11' title='bbox 1053 460 1143 495; x_wconf 86' lang='lat' dir='ltr'><strong>Maii</strong></span> <span class='ocrx_word' id='word_1_12' title='bbox 1158 472 1251 496; x_wconf 89' lang='lat' dir='ltr'><strong>anno</strong></span> <span class='ocrx_word' id='word_1_13' title='bbox 1265 460 1389 495; x_wconf 87' lang='lat' dir='ltr'><strong>salutis</strong></span> <span class='ocrx_word' id='word_1_14' title='bbox 1405 468 1585 494; x_wconf 76' lang='lat' dir='ltr'><strong>MDXLVI.</strong></span> <span class='ocrx_word' id='word_1_15' title='bbox 1601 471 1622 495; x_wconf 90' lang='lat' dir='ltr'><strong>a</strong></span> <span class='ocrx_word' id='word_1_16' title='bbox 1635 472 1716 506; x_wconf 85' lang='lat' dir='ltr'><strong>rege</strong></span> 
     </span>
     <span class='ocr_line' id='line_1_3' title="bbox 325 517 1714 565; baseline -0.001 -12"><span class='ocrx_word' id='word_1_17' title='bbox 325 520 495 553; x_wconf 88' lang='lat' dir='ltr'><strong>Franciae</strong></span> <span class='ocrx_word' id='word_1_18' title='bbox 512 519 723 564; x_wconf 88' lang='lat' dir='ltr'><strong>Miropiensi</strong></span> <span class='ocrx_word' id='word_1_19' title='bbox 747 518 952 563; x_wconf 87' lang='lat' dir='ltr'><strong>episcopatu</strong></span> <span class='ocrx_word' id='word_1_20' title='bbox 975 518 1137 552; x_wconf 88' lang='lat' dir='ltr'><strong>donatus.</strong></span> <span class='ocrx_word' id='word_1_21' title='bbox 1190 517 1344 565; x_wconf 83' lang='lat' dir='ltr'>Sanguis</span> <span class='ocrx_word' id='word_1_22' title='bbox 1367 518 1471 553; x_wconf 88' lang='lat' dir='ltr'><strong>occisi</strong></span> <span class='ocrx_word' id='word_1_23' title='bbox 1495 529 1514 552; x_wconf 89' lang='lat' dir='ltr'><strong>e</strong></span> <span class='ocrx_word' id='word_1_24' title='bbox 1538 518 1714 563; x_wconf 86' lang='lat' dir='ltr'>lapidibus</span> 
     </span>
     <span class='ocr_line' id='line_1_4' title="bbox 324 574 933 620; baseline -0.003 -10"><span class='ocrx_word' id='word_1_25' title='bbox 324 577 498 611; x_wconf 81' lang='lat' dir='ltr'><strong>fenestrae</strong></span> <span class='ocrx_word' id='word_1_26' title='bbox 515 576 584 611; x_wconf 90' lang='lat' dir='ltr'><strong>elui</strong></span> <span class='ocrx_word' id='word_1_27' title='bbox 601 576 779 620; x_wconf 84' lang='lat' dir='ltr'><strong>delerique</strong></span> <span class='ocrx_word' id='word_1_28' title='bbox 797 574 933 619; x_wconf 86' lang='lat' dir='ltr'><strong>nequit.</strong></span> 
     </span>
    </p>
   </div>
   <div class='ocr_carea' id='block_1_3' title="bbox 745 686 1290 723">
    <p class='ocr_par' dir='ltr' id='par_1_3' title="bbox 745 686 1290 723">
     <span class='ocr_line' id='line_1_5' title="bbox 745 686 1290 723; baseline 0 -1"><span class='ocrx_word' id='word_1_29' title='bbox 745 688 782 722; x_wconf 91' lang='lat' dir='ltr'><strong>S.</strong></span> <span class='ocrx_word' id='word_1_30' title='bbox 810 686 1154 723; x_wconf 90' lang='lat' dir='ltr'><strong>BARBANTIUS.</strong></span> <span class='ocrx_word' id='word_1_31' title='bbox 1209 690 1290 722; x_wconf 84' lang='lat'><strong>155.</strong></span> 
     </span>
    </p>
   </div>
   <div class='ocr_carea' id='block_1_4' title="bbox 323 801 1721 1183">
    <p class='ocr_par' dir='ltr' id='par_1_4' title="bbox 323 801 1721 1068">
     <span class='ocr_line' id='line_1_6' title="bbox 324 801 1716 850; baseline 0.001 -13"><span class='ocrx_word' id='word_1_32' title='bbox 324 804 359 837; x_wconf 90' lang='lat' dir='ltr'><strong>S.</strong></span> <span class='ocrx_word' id='word_1_33' title='bbox 378 803 649 837; x_wconf 79' lang='lat' dir='ltr'>BARBANTIUS</span> <span class='ocrx_word' id='word_1_34' title='bbox 667 803 803 844; x_wconf 85' lang='lat' dir='ltr'><strong>Scotus,</strong></span> <span class='ocrx_word' id='word_1_35' title='bbox 822 802 858 837; x_wconf 88' lang='lat' dir='ltr'><strong>S.</strong></span> <span class='ocrx_word' id='word_1_36' title='bbox 878 801 1083 838; x_wconf 82' lang='lat' dir='ltr'><strong>Maxentiae</strong></span> <span class='ocrx_word' id='word_1_37' title='bbox 1106 803 1292 838; x_wconf 85' lang='lat' dir='ltr'><strong>Scotorum</strong></span> <span class='ocrx_word' id='word_1_38' title='bbox 1317 805 1411 850; x_wconf 88' lang='lat' dir='ltr'><strong>regis</strong></span> <span class='ocrx_word' id='word_1_39' title='bbox 1436 804 1528 839; x_wconf 83' lang='lat' dir='ltr'><strong>filiae</strong></span> <span class='ocrx_word' id='word_1_40' title='bbox 1551 804 1716 844; x_wconf 89' lang='lat' dir='ltr'><strong>famulus,</strong></span> 
     </span>
     <span class='ocr_line' id='line_1_7' title="bbox 324 861 1718 908; baseline 0.001 -13"><span class='ocrx_word' id='word_1_41' title='bbox 324 872 404 895; x_wconf 89' lang='lat' dir='ltr'><strong>cum</strong></span> <span class='ocrx_word' id='word_1_42' title='bbox 421 872 472 900; x_wconf 87' lang='lat' dir='ltr'><strong>ea,</strong></span> <span class='ocrx_word' id='word_1_43' title='bbox 490 861 705 905; x_wconf 88' lang='lat' dir='ltr'><strong>pertinacem</strong></span> <span class='ocrx_word' id='word_1_44' title='bbox 722 861 896 895; x_wconf 84' lang='lat' dir='ltr'><strong>castitatis</strong></span> <span class='ocrx_word' id='word_1_45' title='bbox 913 870 1070 894; x_wconf 83' lang='lat' dir='ltr'><strong>amorem</strong></span> <span class='ocrx_word' id='word_1_46' title='bbox 1088 862 1261 905; x_wconf 82' lang='lat' dir='ltr'><strong>amplexa,</strong></span> <span class='ocrx_word' id='word_1_47' title='bbox 1285 861 1403 906; x_wconf 86' lang='lat' dir='ltr'><strong>patria</strong></span> <span class='ocrx_word' id='word_1_48' title='bbox 1426 872 1599 908; x_wconf 87' lang='lat' dir='ltr'><strong>egressus,</strong></span> <span class='ocrx_word' id='word_1_49' title='bbox 1623 862 1718 896; x_wconf 86' lang='lat' dir='ltr'><strong>labo-</strong></span> 
     </span>
     <span class='ocr_line' id='line_1_8' title="bbox 324 918 1718 965; baseline 0.001 -13"><span class='ocrx_word' id='word_1_50' title='bbox 324 930 404 953; x_wconf 88' lang='lat' dir='ltr'><strong>rum</strong></span> <span class='ocrx_word' id='word_1_51' title='bbox 422 930 462 952; x_wconf 89' lang='lat' dir='ltr'><strong>ac</strong></span> <span class='ocrx_word' id='word_1_52' title='bbox 480 919 643 964; x_wconf 89' lang='lat' dir='ltr'><strong>martyrii</strong></span> <span class='ocrx_word' id='word_1_53' title='bbox 668 919 855 963; x_wconf 85' lang='lat' dir='ltr'><strong>particeps,</strong></span> <span class='ocrx_word' id='word_1_54' title='bbox 880 922 922 953; x_wconf 91' lang='lat' dir='ltr'><strong>ut</strong></span> <span class='ocrx_word' id='word_1_55' title='bbox 944 918 1005 952; x_wconf 88' lang='lat' dir='ltr'><strong>lib.</strong></span> <span class='ocrx_word' id='word_1_56' title='bbox 1024 927 1100 952; x_wconf 80' lang='grc' dir='ltr'><strong>ΧΠ.</strong></span> <span class='ocrx_word' id='word_1_57' title='bbox 1125 918 1220 953; x_wconf 86' lang='lat' dir='ltr'><strong>infra</strong></span> <span class='ocrx_word' id='word_1_58' title='bbox 1242 918 1309 953; x_wconf 90' lang='lat' dir='ltr'><strong>hoc</strong></span> <span class='ocrx_word' id='word_1_59' title='bbox 1332 930 1438 964; x_wconf 89' lang='lat' dir='ltr'><strong>opere</strong></span> <span class='ocrx_word' id='word_1_60' title='bbox 1461 924 1599 965; x_wconf 87' lang='lat' dir='ltr'><strong>agetur,</strong></span> <span class='ocrx_word' id='word_1_61' title='bbox 1623 924 1658 954; x_wconf 88' lang='lat' dir='ltr'><strong>et</strong></span> <span class='ocrx_word' id='word_1_62' title='bbox 1676 920 1718 953; x_wconf 90' lang='lat' dir='ltr'><strong>de</strong></span> 
     </span>
     <span class='ocr_line' id='line_1_9' title="bbox 325 975 1721 1017; baseline 0.001 -8"><span class='ocrx_word' id='word_1_63' title='bbox 325 988 365 1009; x_wconf 81' lang='lat' dir='ltr'><strong>eo</strong></span> <span class='ocrx_word' id='word_1_64' title='bbox 379 975 640 1010; x_wconf 88' lang='lat' dir='ltr'><strong>Bellovacensis</strong></span> <span class='ocrx_word' id='word_1_65' title='bbox 657 976 820 1011; x_wconf 88' lang='lat' dir='ltr'><strong>ecclesiae</strong></span> <span class='ocrx_word' id='word_1_66' title='bbox 838 980 927 1017; x_wconf 81' lang='lat' dir='ltr'><strong>acta,</strong></span> <span class='ocrx_word' id='word_1_67' title='bbox 947 980 983 1011; x_wconf 83' lang='lat' dir='ltr'><strong>et</strong></span> <span class='ocrx_word' id='word_1_68' title='bbox 1002 975 1184 1011; x_wconf 86' lang='lat' dir='ltr'><strong>Robertus</strong></span> <span class='ocrx_word' id='word_1_69' title='bbox 1203 975 1435 1011; x_wconf 89' lang='lat' dir='ltr'><strong>Bucklandus</strong></span> <span class='ocrx_word' id='word_1_70' title='bbox 1453 977 1491 1011; x_wconf 90' lang='lat' dir='ltr'><strong>in</strong></span> <span class='ocrx_word' id='word_1_71' title='bbox 1506 975 1620 1010; x_wconf 83' lang='lat' dir='ltr'><strong>Claris</strong></span> <span class='ocrx_word' id='word_1_72' title='bbox 1638 976 1721 1010; x_wconf 84' lang='lat' dir='ltr'><strong>Mu-</strong></span> 
     </span>
     <span class='ocr_line' id='line_1_10' title="bbox 323 1033 479 1068; baseline 0.006 -2"><span class='ocrx_word' id='word_1_73' title='bbox 323 1033 479 1068; x_wconf 87' lang='lat' dir='ltr'><strong>lieribus.</strong></span> 
     </span>
    </p>

    <p class='ocr_par' dir='ltr' id='par_1_5' title="bbox 327 1090 1718 1183">
     <span class='ocr_line' id='line_1_11' title="bbox 375 1090 1718 1126; baseline 0.001 -3"><span class='ocrx_word' id='word_1_74' title='bbox 375 1090 506 1125; x_wconf 88' lang='lat' dir='ltr'><strong>Passus</strong></span> <span class='ocrx_word' id='word_1_75' title='bbox 540 1101 620 1125; x_wconf 91' lang='lat' dir='ltr'><strong>cum</strong></span> <span class='ocrx_word' id='word_1_76' title='bbox 654 1091 798 1126; x_wconf 85' lang='lat' dir='ltr'><strong>domina</strong></span> <span class='ocrx_word' id='word_1_77' title='bbox 831 1101 896 1125; x_wconf 90' lang='lat' dir='ltr'><strong>sua</strong></span> <span class='ocrx_word' id='word_1_78' title='bbox 928 1091 966 1124; x_wconf 92' lang='lat' dir='ltr'><strong>in</strong></span> <span class='ocrx_word' id='word_1_79' title='bbox 998 1090 1161 1125; x_wconf 84' lang='lat' dir='ltr'><strong>Picardia</strong></span> <span class='ocrx_word' id='word_1_80' title='bbox 1190 1090 1246 1124; x_wconf 89' lang='lat' dir='ltr'><strong>die</strong></span> <span class='ocrx_word' id='word_1_81' title='bbox 1281 1099 1397 1125; x_wconf 82' lang='lat' dir='ltr'><strong>XXIV.</strong></span> <span class='ocrx_word' id='word_1_82' title='bbox 1430 1090 1594 1126; x_wconf 89' lang='lat' dir='ltr'><strong>Octobris</strong></span> <span class='ocrx_word' id='word_1_83' title='bbox 1626 1102 1718 1126; x_wconf 85' lang='lat' dir='ltr'><strong>auno</strong></span> 
     </span>
     <span class='ocr_line' id='line_1_12' title="bbox 327 1157 506 1183; baseline 0.006 -3"><span class='ocrx_word' id='word_1_84' title='bbox 327 1157 506 1183; x_wconf 77' lang='lat' dir='ltr'><strong>ncexcu.</strong></span> 
     </span>
    </p>
   </div>
   <div class='ocr_carea' id='block_1_5' title="bbox 786 1246 1257 1282">
    <p class='ocr_par' dir='ltr' id='par_1_6' title="bbox 786 1246 1257 1282">
     <span class='ocr_line' id='line_1_13' title="bbox 786 1246 1257 1282; baseline 0.002 -1"><span class='ocrx_word' id='word_1_85' title='bbox 786 1248 822 1282; x_wconf 91' lang='lat' dir='ltr'><strong>S.</strong></span> <span class='ocrx_word' id='word_1_86' title='bbox 850 1246 1119 1282; x_wconf 87' lang='lat' dir='ltr'><strong>BARVITUS.</strong></span> <span class='ocrx_word' id='word_1_87' title='bbox 1176 1246 1257 1282; x_wconf 88' lang='lat'>156.</span> 
     </span>
    </p>
   </div>
   <div class='ocr_carea' id='block_1_6' title="bbox 323 1320 1718 1701">
    <p class='ocr_par' dir='ltr' id='par_1_7' title="bbox 323 1320 1718 1701">
     <span class='ocr_line' id='line_1_14' title="bbox 323 1320 1718 1367; baseline 0.001 -14"><span class='ocrx_word' id='word_1_88' title='bbox 323 1320 360 1353; x_wconf 91' lang='lat' dir='ltr'><strong>S.</strong></span> <span class='ocrx_word' id='word_1_89' title='bbox 387 1320 612 1360; x_wconf 75' lang='lat' dir='ltr'><strong>BAerrth,</strong></span> <span class='ocrx_word' id='word_1_90' title='bbox 638 1320 816 1355; x_wconf 88' lang='lat' dir='ltr'><strong>confessor</strong></span> <span class='ocrx_word' id='word_1_91' title='bbox 840 1320 1003 1361; x_wconf 81' lang='lat' dir='ltr'><strong>eximius,</strong></span> <span class='ocrx_word' id='word_1_92' title='bbox 1030 1321 1132 1367; x_wconf 88' lang='lat' dir='ltr'><strong>cujus</strong></span> <span class='ocrx_word' id='word_1_93' title='bbox 1155 1327 1192 1355; x_wconf 89' lang='lat' dir='ltr'><strong>et</strong></span> <span class='ocrx_word' id='word_1_94' title='bbox 1214 1320 1429 1355; x_wconf 88' lang='lat' dir='ltr'><strong>sanctissimi</strong></span> <span class='ocrx_word' id='word_1_95' title='bbox 1453 1322 1521 1355; x_wconf 91' lang='lat' dir='ltr'><strong>viri</strong></span> <span class='ocrx_word' id='word_1_96' title='bbox 1546 1322 1583 1355; x_wconf 92' lang='lat' dir='ltr'><strong>in</strong></span> <span class='ocrx_word' id='word_1_97' title='bbox 1607 1321 1718 1356; x_wconf 86' lang='lat' dir='ltr'><strong>Scoti-</strong></span> 
     </span>
     <span class='ocr_line' id='line_1_15' title="bbox 325 1377 1717 1423; baseline 0 -12"><span class='ocrx_word' id='word_1_98' title='bbox 325 1378 489 1411; x_wconf 86' lang='lat' dir='ltr'><strong>chronico</strong></span> <span class='ocrx_word' id='word_1_99' title='bbox 507 1378 652 1418; x_wconf 86' lang='lat' dir='ltr'><strong>mentio,</strong></span> <span class='ocrx_word' id='word_1_100' title='bbox 670 1377 707 1412; x_wconf 89' lang='lat' dir='ltr'><strong>S.</strong></span> <span class='ocrx_word' id='word_1_101' title='bbox 726 1377 909 1412; x_wconf 86' lang='lat' dir='ltr'><strong>Brandani</strong></span> <span class='ocrx_word' id='word_1_102' title='bbox 927 1378 1135 1423; x_wconf 91' lang='lat' dir='ltr'><strong>discipulus,</strong></span> <span class='ocrx_word' id='word_1_103' title='bbox 1153 1378 1312 1412; x_wconf 89' lang='lat' dir='ltr'><strong>omnium</strong></span> <span class='ocrx_word' id='word_1_104' title='bbox 1334 1377 1503 1412; x_wconf 89' lang='lat' dir='ltr'><strong>itinerum</strong></span> <span class='ocrx_word' id='word_1_105' title='bbox 1527 1389 1652 1417; x_wconf 87' lang='lat' dir='ltr'><strong>comes,</strong></span> <span class='ocrx_word' id='word_1_106' title='bbox 1678 1389 1717 1412; x_wconf 87' lang='lat' dir='ltr'><strong>ac</strong></span> 
     </span>
     <span class='ocr_line' id='line_1_16' title="bbox 324 1434 1718 1481; baseline 0.001 -13"><span class='ocrx_word' id='word_1_107' title='bbox 324 1436 466 1469; x_wconf 87' lang='lat' dir='ltr'><strong>demum</strong></span> <span class='ocrx_word' id='word_1_108' title='bbox 484 1435 684 1470; x_wconf 86' lang='lat' dir='ltr'><strong>sanctitatis</strong></span> <span class='ocrx_word' id='word_1_109' title='bbox 701 1436 889 1480; x_wconf 87' lang='lat' dir='ltr'><strong>particeps.</strong></span> <span class='ocrx_word' id='word_1_110' title='bbox 925 1435 950 1469; x_wconf 88' lang='lat' dir='ltr'><strong>J</strong></span> <span class='ocrx_word' id='word_1_111' title='bbox 951 1447 983 1470; x_wconf 88' lang='lat' dir='ltr'><strong>o.</strong></span> <span class='ocrx_word' id='word_1_112' title='bbox 1002 1435 1237 1481; x_wconf 85' lang='lat' dir='ltr'><strong>Capgravius.</strong></span> <span class='ocrx_word' id='word_1_113' title='bbox 1278 1434 1330 1469; x_wconf 90' lang='lat' dir='ltr'><strong>Ut</strong></span> <span class='ocrx_word' id='word_1_114' title='bbox 1347 1434 1383 1469; x_wconf 90' lang='lat' dir='ltr'><strong>S.</strong></span> <span class='ocrx_word' id='word_1_115' title='bbox 1402 1434 1635 1469; x_wconf 88' lang='lat' dir='ltr'><strong>Brandanum</strong></span> <span class='ocrx_word' id='word_1_116' title='bbox 1653 1435 1718 1469; x_wconf 87' lang='lat' dir='ltr'><strong>hoc</strong></span> 
     </span>
     <span class='ocr_line' id='line_1_17' title="bbox 323 1492 1718 1537; baseline 0.001 -12"><span class='ocrx_word' id='word_1_117' title='bbox 323 1492 444 1526; x_wconf 85' lang='lat' dir='ltr'><strong>eodem</strong></span> <span class='ocrx_word' id='word_1_118' title='bbox 464 1492 643 1527; x_wconf 88' lang='lat' dir='ltr'><strong>volumine</strong></span> <span class='ocrx_word' id='word_1_119' title='bbox 660 1493 808 1537; x_wconf 86' lang='lat' dir='ltr'><strong>probavi</strong></span> <span class='ocrx_word' id='word_1_120' title='bbox 826 1492 972 1528; x_wconf 88' lang='lat' dir='ltr'><strong>Scotum</strong></span> <span class='ocrx_word' id='word_1_121' title='bbox 995 1504 1081 1533; x_wconf 88' lang='lat' dir='ltr'><strong>esse,</strong></span> <span class='ocrx_word' id='word_1_122' title='bbox 1105 1493 1156 1527; x_wconf 86' lang='lat' dir='ltr'><strong>ita</strong></span> <span class='ocrx_word' id='word_1_123' title='bbox 1179 1493 1275 1527; x_wconf 87' lang='lat' dir='ltr'><strong>hunc</strong></span> <span class='ocrx_word' id='word_1_124' title='bbox 1298 1492 1420 1527; x_wconf 85' lang='lat' dir='ltr'><strong>eadem</strong></span> <span class='ocrx_word' id='word_1_125' title='bbox 1445 1492 1582 1527; x_wconf 86' lang='lat' dir='ltr'><strong>ratione</strong></span> <span class='ocrx_word' id='word_1_126' title='bbox 1608 1492 1718 1537; x_wconf 88' lang='lat' dir='ltr'><strong>liquet</strong></span> 
     </span>
     <span class='ocr_line' id='line_1_18' title="bbox 324 1549 1310 1597; baseline 0.002 -14"><span class='ocrx_word' id='word_1_127' title='bbox 324 1549 461 1584; x_wconf 89' lang='lat' dir='ltr'><strong>Scotiae</strong></span> <span class='ocrx_word' id='word_1_128' title='bbox 479 1550 686 1596; x_wconf 88' lang='lat' dir='ltr'><strong>adjudicari.</strong></span> <span class='ocrx_word' id='word_1_129' title='bbox 738 1550 899 1596; x_wconf 86' lang='lat' dir='ltr'><strong>Scripsit,</strong></span> <span class='ocrx_word' id='word_1_130' title='bbox 917 1551 1090 1597; x_wconf 86' lang='lat' dir='ltr'><strong>magistro</strong></span> <span class='ocrx_word' id='word_1_131' title='bbox 1106 1551 1310 1595; x_wconf 86' lang='lat' dir='ltr'><strong>superstite,</strong></span> 
     </span>
     <span class='ocr_line' id='line_1_19' title="bbox 473 1607 1322 1643; baseline 0.001 -2"><span class='ocrx_word' id='word_1_132' title='bbox 473 1607 528 1641; x_wconf 87' lang='lat' dir='ltr'><strong>De</strong></span> <span class='ocrx_word' id='word_1_133' title='bbox 546 1607 728 1642; x_wconf 85' lang='lat' dir='ltr'><strong>Brandani</strong></span> <span class='ocrx_word' id='word_1_134' title='bbox 746 1608 868 1643; x_wconf 91' lang='lat' dir='ltr'><strong>Rebus</strong></span> <span class='ocrx_word' id='word_1_135' title='bbox 1216 1608 1276 1642; x_wconf 92' lang='lat' dir='ltr'><strong>lib.</strong></span> <span class='ocrx_word' id='word_1_136' title='bbox 1298 1618 1322 1642; x_wconf 91' lang='lat'><strong>1.</strong></span> 
     </span>
     <span class='ocr_line' id='line_1_20' title="bbox 373 1664 1306 1701; baseline 0.001 -3"><span class='ocrx_word' id='word_1_137' title='bbox 373 1664 513 1699; x_wconf 84' lang='lat' dir='ltr'><strong>Floruit</strong></span> <span class='ocrx_word' id='word_1_138' title='bbox 530 1675 624 1700; x_wconf 90' lang='lat' dir='ltr'><strong>anno</strong></span> <span class='ocrx_word' id='word_1_139' title='bbox 642 1673 813 1700; x_wconf 80' lang='lat' dir='ltr'><strong>DchuI.</strong></span> <span class='ocrx_word' id='word_1_140' title='bbox 840 1665 981 1700; x_wconf 85' lang='lat' dir='ltr'><strong>Colitur</strong></span> <span class='ocrx_word' id='word_1_141' title='bbox 997 1666 1055 1700; x_wconf 89' lang='lat' dir='ltr'><strong>die</strong></span> <span class='ocrx_word' id='word_1_142' title='bbox 1074 1675 1111 1700; x_wconf 87' lang='lat' dir='ltr'><strong>V.</strong></span> <span class='ocrx_word' id='word_1_143' title='bbox 1130 1665 1306 1701; x_wconf 85' lang='lat' dir='ltr'><strong>Januarii.</strong></span> 
     </span>
    </p>
   </div>
   <div class='ocr_carea' id='block_1_7' title="bbox 798 1779 1246 1817">
    <p class='ocr_par' dir='ltr' id='par_1_8' title="bbox 798 1779 1246 1817">
     <span class='ocr_line' id='line_1_21' title="bbox 798 1779 1246 1817; baseline -0.002 -4"><span class='ocrx_word' id='word_1_144' title='bbox 798 1780 834 1813; x_wconf 91' lang='lat' dir='ltr'><strong>S.</strong></span> <span class='ocrx_word' id='word_1_145' title='bbox 862 1779 1113 1814; x_wconf 91' lang='lat' dir='ltr'><strong>BARREAS.</strong></span> <span class='ocrx_word' id='word_1_146' title='bbox 1144 1782 1246 1817; x_wconf 88' lang='lat'><strong>.157.</strong></span> 
     </span>
    </p>
   </div>
   <div class='ocr_carea' id='block_1_8' title="bbox 324 1893 1715 2272">
    <p class='ocr_par' dir='ltr' id='par_1_9' title="bbox 324 1893 1715 2272">
     <span class='ocr_line' id='line_1_22' title="bbox 324 1893 1714 1940; baseline 0.001 -12"><span class='ocrx_word' id='word_1_147' title='bbox 324 1897 359 1928; x_wconf 81' lang='lat' dir='ltr'><strong>S.</strong></span> <span class='ocrx_word' id='word_1_148' title='bbox 379 1895 584 1934; x_wconf 73' lang='lat' dir='ltr'><strong>BARREAS,</strong></span> <span class='ocrx_word' id='word_1_149' title='bbox 610 1905 654 1929; x_wconf 85' lang='lat' dir='ltr'><strong>ex</strong></span> <span class='ocrx_word' id='word_1_150' title='bbox 676 1893 920 1929; x_wconf 89' lang='lat' dir='ltr'><strong>archidiacono</strong></span> <span class='ocrx_word' id='word_1_151' title='bbox 945 1894 1188 1929; x_wconf 85' lang='lat' dir='ltr'><strong>Dunkeldensi</strong></span> <span class='ocrx_word' id='word_1_152' title='bbox 1213 1901 1351 1930; x_wconf 89' lang='lat' dir='ltr'><strong>creatus</strong></span> <span class='ocrx_word' id='word_1_153' title='bbox 1376 1895 1559 1929; x_wconf 90' lang='lat' dir='ltr'><strong>Moraviae</strong></span> <span class='ocrx_word' id='word_1_154' title='bbox 1583 1896 1714 1940; x_wconf 87' lang='lat' dir='ltr'><strong>episco-</strong></span> 
     </span>
     <span class='ocr_line' id='line_1_23' title="bbox 324 1951 1713 1997; baseline 0.001 -11"><span class='ocrx_word' id='word_1_155' title='bbox 324 1963 402 1996; x_wconf 79' lang='lat' dir='ltr'><strong>puS‚</strong></span> <span class='ocrx_word' id='word_1_156' title='bbox 427 1952 658 1986; x_wconf 78' lang='lat' dir='ltr'><strong>sanctissimis</strong></span> <span class='ocrx_word' id='word_1_157' title='bbox 681 1951 847 1996; x_wconf 88' lang='lat' dir='ltr'><strong>operibus</strong></span> <span class='ocrx_word' id='word_1_158' title='bbox 864 1953 1000 1996; x_wconf 90' lang='lat' dir='ltr'><strong>plenus,</strong></span> <span class='ocrx_word' id='word_1_159' title='bbox 1028 1953 1219 1987; x_wconf 87' lang='lat' dir='ltr'><strong>acerrimus</strong></span> <span class='ocrx_word' id='word_1_160' title='bbox 1241 1952 1506 1997; x_wconf 87' lang='lat' dir='ltr'><strong>Scripturarum</strong></span> <span class='ocrx_word' id='word_1_161' title='bbox 1529 1959 1713 1987; x_wconf 83' lang='lat' dir='ltr'><strong>scrutator.</strong></span> 
     </span>
     <span class='ocr_line' id='line_1_24' title="bbox 324 2008 1602 2054; baseline 0.002 -12"><span class='ocrx_word' id='word_1_162' title='bbox 324 2009 528 2043; x_wconf 80' lang='lat' dir='ltr'><strong>Alexander</strong></span> <span class='ocrx_word' id='word_1_163' title='bbox 545 2009 669 2043; x_wconf 89' lang='lat' dir='ltr'><strong>Millus</strong></span> <span class='ocrx_word' id='word_1_164' title='bbox 687 2009 725 2043; x_wconf 89' lang='lat' dir='ltr'><strong>in</strong></span> <span class='ocrx_word' id='word_1_165' title='bbox 749 2008 913 2043; x_wconf 88' lang='lat' dir='ltr'><strong>Historia</strong></span> <span class='ocrx_word' id='word_1_166' title='bbox 932 2008 1193 2044; x_wconf 87' lang='lat' dir='ltr'><strong>Dunkeldensis</strong></span> <span class='ocrx_word' id='word_1_167' title='bbox 1212 2009 1400 2044; x_wconf 84' lang='lat' dir='ltr'><strong>Ecclesiae.</strong></span> <span class='ocrx_word' id='word_1_168' title='bbox 1454 2009 1602 2054; x_wconf 86' lang='lat' dir='ltr'><strong>Scripsit</strong></span> 
     </span>
     <span class='ocr_line' id='line_1_25' title="bbox 472 2066 1318 2101; baseline 0.002 -2"><span class='ocrx_word' id='word_1_169' title='bbox 472 2066 723 2101; x_wconf 88' lang='lat' dir='ltr'><strong>Meditationes</strong></span> <span class='ocrx_word' id='word_1_170' title='bbox 1212 2067 1273 2101; x_wconf 92' lang='lat' dir='ltr'><strong>lib.</strong></span> <span class='ocrx_word' id='word_1_171' title='bbox 1295 2077 1318 2101; x_wconf 90' lang='lat'><strong>1.</strong></span> 
     </span>
     <span class='ocr_line' id='line_1_26' title="bbox 373 2123 1714 2170; baseline 0.001 -13"><span class='ocrx_word' id='word_1_172' title='bbox 373 2123 501 2157; x_wconf 85' lang='lat' dir='ltr'><strong>Annus</strong></span> <span class='ocrx_word' id='word_1_173' title='bbox 528 2124 684 2158; x_wconf 79' lang='lat' dir='ltr'><strong>incertus</strong></span> <span class='ocrx_word' id='word_1_174' title='bbox 706 2130 770 2159; x_wconf 87' lang='lat' dir='ltr'><strong>est.</strong></span> <span class='ocrx_word' id='word_1_175' title='bbox 823 2124 962 2159; x_wconf 91' lang='lat' dir='ltr'><strong>Colitur</strong></span> <span class='ocrx_word' id='word_1_176' title='bbox 986 2132 1109 2158; x_wconf 85' lang='lat' dir='ltr'><strong>Xx111.</strong></span> <span class='ocrx_word' id='word_1_177' title='bbox 1133 2123 1304 2170; x_wconf 88' lang='lat' dir='ltr'><strong>Augusti,</strong></span> <span class='ocrx_word' id='word_1_178' title='bbox 1328 2129 1364 2159; x_wconf 88' lang='lat' dir='ltr'><strong>et</strong></span> <span class='ocrx_word' id='word_1_179' title='bbox 1382 2133 1499 2158; x_wconf 82' lang='lat' dir='ltr'><strong>XX1V.</strong></span> <span class='ocrx_word' id='word_1_180' title='bbox 1518 2124 1714 2169; x_wconf 85' lang='lat' dir='ltr'><strong>Septembr.</strong></span> 
     </span>
     <span class='ocr_line' id='line_1_27' title="bbox 325 2181 1715 2227; baseline 0.001 -12"><span class='ocrx_word' id='word_1_181' title='bbox 325 2181 624 2227; x_wconf 86' lang='lat' dir='ltr'><strong>Martyrologium</strong></span> <span class='ocrx_word' id='word_1_182' title='bbox 657 2181 936 2217; x_wconf 85' lang='lat' dir='ltr'><strong>Carthusianum</strong></span> <span class='ocrx_word' id='word_1_183' title='bbox 966 2181 1098 2216; x_wconf 90' lang='lat' dir='ltr'><strong>Adami</strong></span> <span class='ocrx_word' id='word_1_184' title='bbox 1137 2181 1360 2216; x_wconf 42' lang='lat' dir='ltr'><strong>&amp;Valassaris</strong></span> <span class='ocrx_word' id='word_1_185' title='bbox 1426 2181 1519 2215; x_wconf 84' lang='lat' dir='ltr'><strong>Acta</strong></span> <span class='ocrx_word' id='word_1_186' title='bbox 1553 2183 1715 2216; x_wconf 84' lang='lat' dir='ltr'><strong>ecclesiae</strong></span> 
     </span>
     <span class='ocr_line' id='line_1_28' title="bbox 325 2238 571 2272; baseline 0.004 -1"><span class='ocrx_word' id='word_1_187' title='bbox 325 2238 571 2272; x_wconf 85' lang='lat' dir='ltr'><strong>Moraviensis.</strong></span> 
     </span>
    </p>
   </div>
   <div class='ocr_carea' id='block_1_9' title="bbox 767 2337 1273 2373">
    <p class='ocr_par' dir='ltr' id='par_1_10' title="bbox 767 2337 1273 2373">
     <span class='ocr_line' id='line_1_29' title="bbox 767 2337 1273 2373; baseline 0 -1"><span class='ocrx_word' id='word_1_188' title='bbox 767 2337 801 2372; x_wconf 90' lang='lat' dir='ltr'><strong>S.</strong></span> <span class='ocrx_word' id='word_1_189' title='bbox 827 2337 1138 2373; x_wconf 89' lang='lat' dir='ltr'><strong>BARINTHUS.</strong></span> <span class='ocrx_word' id='word_1_190' title='bbox 1193 2341 1273 2372; x_wconf 88' lang='lat'><strong>158.</strong></span> 
     </span>
    </p>
   </div>
   <div class='ocr_carea' id='block_1_10' title="bbox 274 2411 1714 2559">
    <p class='ocr_par' dir='ltr' id='par_1_11' title="bbox 274 2411 1714 2559">
     <span class='ocr_line' id='line_1_30' title="bbox 274 2411 1714 2459; baseline -0.001 -13"><span class='ocrx_word' id='word_1_191' title='bbox 274 2415 276 2417; x_wconf 78' lang='grc'>’</span> <span class='ocrx_word' id='word_1_192' title='bbox 326 2414 361 2446; x_wconf 86' lang='lat' dir='ltr'><strong>S.</strong></span> <span class='ocrx_word' id='word_1_193' title='bbox 381 2411 628 2446; x_wconf 72' lang='lat' dir='ltr'>BARINTHUS</span> <span class='ocrx_word' id='word_1_194' title='bbox 646 2411 835 2450; x_wconf 89' lang='lat' dir='ltr'><strong>confessor.</strong></span> <span class='ocrx_word' id='word_1_195' title='bbox 860 2412 953 2446; x_wconf 89' lang='lat' dir='ltr'><strong>filius</strong></span> <span class='ocrx_word' id='word_1_196' title='bbox 977 2412 1098 2452; x_wconf 87' lang='lat' dir='ltr'><strong>Mooh,</strong></span> <span class='ocrx_word' id='word_1_197' title='bbox 1123 2418 1159 2447; x_wconf 90' lang='lat' dir='ltr'><strong>et</strong></span> <span class='ocrx_word' id='word_1_198' title='bbox 1183 2413 1220 2447; x_wconf 94' lang='lat' dir='ltr'><strong>in</strong></span> <span class='ocrx_word' id='word_1_199' title='bbox 1245 2411 1363 2447; x_wconf 89' lang='lat' dir='ltr'><strong>Scotia</strong></span> <span class='ocrx_word' id='word_1_200' title='bbox 1387 2413 1556 2459; x_wconf 84' lang='lat' dir='ltr'><strong>magister</strong></span> <span class='ocrx_word' id='word_1_201' title='bbox 1580 2422 1619 2445; x_wconf 85' lang='lat' dir='ltr'><strong>ac</strong></span> <span class='ocrx_word' id='word_1_202' title='bbox 1637 2412 1714 2446; x_wconf 50' lang='lat' dir='ltr'><strong>doc-1</strong></span> 
     </span>
     <span class='ocr_line' id='line_1_31' title="bbox 325 2467 1185 2515; baseline 0.002 -13"><span class='ocrx_word' id='word_1_203' title='bbox 325 2475 382 2502; x_wconf 86' lang='lat' dir='ltr'><strong>tor</strong></span> <span class='ocrx_word' id='word_1_204' title='bbox 399 2467 434 2502; x_wconf 89' lang='lat' dir='ltr'><strong>S.</strong></span> <span class='ocrx_word' id='word_1_205' title='bbox 454 2467 650 2509; x_wconf 88' lang='lat' dir='ltr'><strong>Brandani,</strong></span> <span class='ocrx_word' id='word_1_206' title='bbox 669 2474 715 2509; x_wconf 87' lang='lat' dir='ltr'><strong>et,</strong></span> <span class='ocrx_word' id='word_1_207' title='bbox 733 2474 774 2504; x_wconf 89' lang='lat' dir='ltr'><strong>ut</strong></span> <span class='ocrx_word' id='word_1_208' title='bbox 792 2474 890 2514; x_wconf 89' lang='lat' dir='ltr'><strong>puto,</strong></span> <span class='ocrx_word' id='word_1_209' title='bbox 908 2469 1026 2509; x_wconf 85' lang='lat' dir='ltr'><strong>abbas,</strong></span> <span class='ocrx_word' id='word_1_210' title='bbox 1045 2470 1185 2515; x_wconf 87' lang='lat' dir='ltr'><strong>scripsit</strong></span> 
     </span>
     <span class='ocr_line' id='line_1_32' title="bbox 1006 2535 1034 2559; baseline 0 0"><span class='ocrx_word' id='word_1_211' title='bbox 1006 2535 1034 2559; x_wconf 77' lang='lat' dir='ltr'>N</span> 
     </span>
    </p>
   </div>
  </div>
 </body>
</html>
