2032 2912
710 335 886 370 GENTIS
910 328 1186 372 SCOTORUM‚
1213 333 1300 366 LIB.
1326 333 1370 365 11.
1694 328 1736 361 97

341 441 422 465 narn
443 430 466 465 J
468 442 500 466 ο.
518 430 648 466 Daniel
666 423 803 476 Mylius
820 429 1016 475 publicavit
1033 430 1110 476 eJus
1127 429 1284 468 nomine,

492 487 794 539 Iatrochymicum
901 535 903 537 ι
1329 483 1390 518 lib.
1411 491 1437 517 1.

487 546 542 580 De
556 544 831 589 Praeparatione
844 548 880 579 et
893 542 1157 587 compositione
1172 542 1326 576 Medica·
1422 543 1425 544 ’

534 605 736 636 mentorum
749 600 1009 649 ¹Chymicorum
1026 598 1217 633 artificiosa
1327 598 1388 632 lib.
1409 606 1436 631 1.

388 659 528 694 Prodiit
545 651 638 692 anno
657 666 795 691 Mnxx.
814 662 856 691 ut
872 656 1079 706 existimem
1091 656 1193 689 illum
1209 654 1284 689 fato
1301 654 1477 689 functum.
1528 653 1583 688 De
1601 665 1642 689 eo
1659 654 1731 688 Ra-

335 717 438 761 phael
457 715 612 762 Eglinus
623 713 798 767 'Iconiusz
826 718 848 734 “
865 713 982 753 Salve,
1000 711 1034 747 O
1051 712 1114 764 lux
1132 711 1303 746 Scotiae.'’

709 812 920 848 HECTOR
947 809 1223 846 BOETHIUS.
1278 785 1375 848 175.-

336 888 510 922 HECTOR
528 887 713 927 Boethius,
731 886 848 921 Alecti
867 890 986 926 natus,
1010 885 1086 920 sive
1110 884 1264 919 Deidoni
1288 884 1334 918 ad
1358 883 1476 918 Taum
1501 883 1731 923 aestuarium,

335 945 582 980 Aberdonensi
600 944 802 979 academiae
817 943 1051 989 praepositus,
1069 946 1091 962 “
1109 942 1165 976 vir
1181 941 1374 988 singularis
1391 941 1526 987 ingenii
1540 941 1731 981 felicitatis,

335 1009 371 1037 et
388 1001 531 1036 facundi
549 1002 654 1043 oris,'’
672 1001 717 1036 ab
734 1001 891 1035 Erasmo
913 1001 952 1035 in
975 999 1161 1045 Epistolis,
1186 999 1249 1044 qui
1267 999 1381 1033 eidem
1399 1000 1518 1034 studio
1536 999 1729 1033 Parisiensi

334 1071 407 1094 una
424 1059 572 1094 vacabat
589 1070 647 1093 an.
667 1066 918 1093 Mccccxcw.
971 1057 1175 1092 Alexander
1190 1055 1265 1091 Leo
1282 1056 1386 1101 epist.
1402 1056 1446 1090 ad
1464 1056 1638 1091 Scoticam
1658 1056 1731 1090 No-

334 1117 508 1151 bilitatem
525 1126 533 1150 :
553 1121 575 1136 ‘⁶
590 1116 699 1151 Haud
712 1127 839 1161 parum
852 1115 1001 1150 meritus
1015 1115 1058 1149 de
1075 1114 1189 1154 nobis,
1207 1114 1320 1159 deque
1337 1119 1460 1149 nostra
1472 1114 1663 1159 republica,
1680 1114 1728 1147 H.

334 1173 543 1208 Boethius.”
607 1173 704 1208 Guil.
731 1173 933 1208 Gordonius
959 1173 1062 1217 epist.
1088 1172 1136 1206 ad
1160 1170 1390 1206 Academiam
1420 1171 1731 1206 Aberdonensem:

334 1235 355 1250 “
374 1230 578 1265 Plurimum
597 1230 824 1277 gaudendum
843 1229 943 1264 vobis
960 1229 1137 1269 existimo,
1156 1229 1251 1274 quod
1269 1233 1410 1263 nostrae
1428 1229 1545 1275 gentis
1568 1228 1651 1262 hist.
1678 1228 1731 1261 di-

333 1287 529 1322 sertissimo
547 1288 642 1333 stylo
659 1287 810 1322 fideliter
827 1291 935 1331 atque
951 1286 1090 1320 erudite
1107 1286 1317 1330 conscripta,
1339 1296 1383 1320 ex
1406 1290 1529 1320 nostra
1553 1285 1731 1319 academia

331 1344 578 1382 Aberdonensi
589 1344 747 1389 primum
758 1344 931 1389 prodierit
941 1344 980 1377 in
991 1343 1137 1378 lucem.”
1163 1342 1215 1378 Et
1225 1343 1332 1387 paulo
1344 1347 1441 1387 post:
1458 1347 1479 1362 “
1491 1342 1665 1377 Boethius
1676 1343 1732 1376 vir

332 1402 371 1436 in
384 1402 482 1436 omni
494 1402 723 1437 scientiarum
735 1412 864 1448 genere
877 1401 1037 1445 apprime
1047 1400 1240 1434 eruditus.”
1265 1399 1290 1434 J
1291 1411 1323 1434 0.
1336 1400 1521 1434 Ferrerius
1536 1399 1730 1435 Pedemon-

335 1464 443 1493 tanus
466 1459 568 1504 epist.
592 1459 638 1493 ad
661 1458 836 1493 Jacobum
861 1458 1052 1498 Betonum‚
1078 1457 1381 1502 archiepiscopum
1407 1456 1669 1497 Glascuensem,
1695 1463 1731 1491 et

335 1516 479 1562 reginae
496 1516 682 1551 Scotorum
699 1517 745 1551 ad
761 1526 882 1562 regem
905 1514 1103 1549 Galliarum
1127 1519 1324 1550 oratorem:
1352 1519 1374 1534 “
1393 1514 1528 1550 Hector
1545 1514 1730 1553 Boethius,

336 1574 393 1608 vir
418 1574 677 1614 ornatissimus,
701 1578 737 1608 et
759 1573 933 1619 singulari
956 1573 1118 1607 doctrina
1139 1573 1334 1617 praeditus,
1359 1573 1423 1618 qui
1448 1584 1574 1619 regum
1599 1577 1733 1607 vestro-

334 1641 416 1665 rum
439 1635 475 1665 et
497 1630 655 1666 Scoticae
675 1628 796 1678 gentis
816 1641 872 1665 res
895 1630 1089 1665 clarissime
1112 1635 1305 1675 susceptas,
1329 1636 1365 1665 et
1389 1630 1582 1665 fortissime
1601 1634 1730 1676 gestas,

335 1688 526 1722 memoriae
543 1688 589 1722 ad
611 1689 855 1732 posteritatem
879 1687 1038 1727 tradidit,
1061 1688 1228 1733 typisque
1250 1687 1479 1722 Ascensianis
1502 1686 1602 1721 libris
1627 1695 1730 1721 xvn.

336 1744 381 1778 ad
399 1745 560 1779 calendas
578 1745 695 1779 Maias
713 1756 806 1779 anno
824 1745 930 1779 salut.
948 1744 1172 1779 Christianae
1198 1753 1380 1779 MDXXVI.
1405 1745 1568 1779 decenter
1590 1755 1732 1788 expres-

337 1801 419 1835 sit.'’
454 1802 589 1837 Paulus
601 1802 625 1837 J
627 1803 740 1844 ovius,
754 1802 938 1847 episcopus
952 1800 1165 1842 Nucerinus,
1180 1802 1218 1836 in
1232 1801 1477 1846 Descriptione
1495 1801 1704 1836 Britanniae
1720 1812 1728 1834 ε

337 1864 359 1878 “
377 1858 513 1893 Hector
526 1859 699 1894 Boethius
713 1858 844 1905 insigni
863 1858 1038 1899 facundia,
1054 1863 1089 1893 et
1102 1859 1179 1903 pari
1193 1859 1378 1905 diligentia
1391 1864 1598 1903 perpetuam
1612 1858 1730 1893 Scoto-

337 1927 418 1951 rum
436 1927 561 1962 regum
578 1916 765 1951 historiam
782 1916 827 1951 ad
844 1910 1019 1950 Jacobu'm
1036 1917 1092 1950 sui
1110 1916 1263 1950 nominis
1282 1915 1351 1950 III.
1370 1916 1544 1951 deducit.’'
1574 1916 1674 1951 Idem
1691 1917 1728 1950 in

336 1973 474 2008 Scotiae
488 1973 751 2018 Descriptione:
767 1978 788 1994 “
801 1972 945 2008 Boethii
960 1974 1116 2008 muneris
1130 1974 1210 2014 fuit,
1224 1974 1298 2018 qui,
1312 1973 1516 2008 curiositate
1530 1978 1566 2008 et
1579 1974 1728 2020 diligen-

337 2031 399 2070 tia,
418 2031 548 2066 amoris
565 2031 702 2076 patriae
719 2030 940 2077 dignissima,
958 2030 1048 2065 nihil
1065 2031 1238 2065 intactum
1257 2036 1293 2065 et
1310 2031 1385 2065 sine
1402 2031 1517 2071 laude,
1536 2033 1592 2066 vel
1615 2032 1652 2065 in
1675 2042 1729 2066 as-

338 2088 449 2132 pretis
462 2093 570 2133 atque
582 2088 783 2133 paludibus,
797 2088 974 2133 reliquit.’'
1010 2086 1034 2121 J
1037 2099 1115 2122 oan.
1131 2087 1335 2122 Gualterius
1350 2087 1526 2123 Chronico
1539 2088 1729 2123 Chronico-

338 2156 419 2179 rum
438 2150 521 2180 tom.
541 2155 583 2180 11.
601 2157 683 2193 pag.
703 2154 922 2180 MCCLXXX·
941 2149 963 2164 “
978 2144 1113 2180 Hector
1130 2145 1303 2180 Boethius
1321 2146 1358 2180 in
1376 2146 1472 2180 omni
1487 2145 1729 2191 philosophiae

338 2208 373 2237 et
391 2202 590 2249 theologiae
607 2214 735 2250 genere
752 2202 1026 2243 versatissimus,
1044 2202 1235 2237 historicus
1252 2203 1450 2250 egregius.”

353 2255 382 2285 Γ
388 2259 509 2294 Tanta
533 2260 646 2305 ipsius
667 2260 773 2300 fama,
798 2270 902 2294 verae
924 2260 1053 2294 virtuti
1076 2261 1274 2306 conjuncta,
1298 2272 1319 2295 a
1341 2261 1521 2295 nonnullis
1545 2259 1730 2296 Scotorum

339 2317 467 2351 honori
493 2317 741 2352 infensissimis
766 2317 928 2351 hostibus
953 2317 1074 2352 laudes
1100 2323 1220 2353 tamen
1245 2318 1405 2358 extorsit,
1431 2318 1519 2353 alios
1545 2329 1629 2353 vero
1655 2319 1732 2353 An-

338 2374 497 2420 glicauae
523 2375 708 2419 superbiae
734 2379 840 2409 vento
865 2372 1019 2415 instatoe,
1047 2386 1127 2409 cum
1153 2375 1341 2410 veritatem
1370 2376 1445 2421 pati
1476 2387 1547 2411 non
1577 2382 1730 2421 possent,

338 2433 376 2465 in
395 2432 585 2467 amentiam
603 2437 639 2467 et
655 2432 789 2467 rabiem
813 2432 898 2479 egit.
949 2431 1009 2466 Ex
1026 2431 1094 2473 his,
1117 2432 1188 2468 duo
1205 2437 1347 2485 tantum
1364 2434 1525 2479 exempla
1547 2434 1729 2469 adducam.

1043 2498 1067 2523 o
