2032 2912
721 343 898 376 GENTIS
923 341 1200 380 SCOTORUM,
1226 340 1315 373 LIB.
1340 341 1404 373 111.
1696 339 1758 370 165

629 436 701 465 Inde
716 436 910 465 Columbanus
924 435 1007 463 Bobii
1020 434 1189 463 fundamina
1199 434 1281 472 jecit,

669 484 755 512 Casta
769 482 927 511 Fluentina
941 481 1058 519 Brigida
1071 481 1102 509 in
1116 482 1187 510 urbe
1201 487 1292 515 sonat,

631 530 771 559 Faesulae
784 530 820 559 ab
835 529 953 558 Andrea
966 534 997 558 et
1012 529 1127 557 Donato
1141 528 1252 557 lumina
1265 528 1386 562 ducunt,

667 577 772 606 Sancte
788 577 963 605 Faventinos
977 575 1141 604 Aemiliane
1155 576 1232 609 beas,

630 624 670 653 Et
686 624 851 653 Gunifortis
867 623 1002 652 Ticinum
1017 633 1132 662 corpore
1145 623 1263 661 gaudet,

670 671 755 700 Clara
769 671 870 699 domus
885 670 963 698 Plini
977 676 1017 704 te,
1034 670 1210 704 Gunibalde,
1225 670 1311 699 canit.

629 719 804 757 Dempstero
818 718 925 747 Veneti
939 722 1103 756 assurgunt,
1118 722 1147 746 et
1162 717 1238 746 bella
1251 717 1410 756 loquuntur

670 766 865 805 Parthenopes
880 765 977 795 Scotos
990 764 1094 793 martia
1107 764 1192 793 corda
1207 764 1303 793 duces.

630 814 728 842 Lanea
742 824 800 848 sus,
815 813 935 842 celebris
949 813 1011 841 dira
1024 812 1092 841 olim
1107 811 1188 840 clade
1204 812 1350 845 Ravenna,

669 861 799 890 Laudem
814 861 916 889 horum
931 860 1040 889 Tarrus
1055 859 1294 897 sanguinolentus
1308 859 1403 888 habet.

631 908 694 937 Hos
707 914 819 937 sanctos
833 908 979 946 fortesque
993 907 1079 936 simul
1093 906 1161 935 colit
1175 906 1302 935 Ausonis
1315 916 1371 935 ora.

773 996 809 1031 S.
837 994 1221 1031 CHRISTIANCIA.
1275 997 1358 1033 279.

367 1073 403 1107 S.
423 1073 740 1111 CHRISTIANCIA,
759 1070 1022 1104 Ursulanarum
1040 1070 1223 1115 virginum
1241 1080 1325 1109 una,
1350 1069 1514 1103 mirando
1532 1069 1637 1104 modo
1660 1069 1763 1104 Colo-

368 1132 429 1165 nia
459 1131 498 1164 in
524 1129 781 1164 monasterium
808 1127 1042 1162 cisterciense
1069 1128 1255 1167 translata,
1283 1131 1325 1161 ut
1356 1126 1543 1161 Caesarius
1570 1127 1763 1161 monachus

368 1189 512 1233 scripsit
530 1187 591 1222 lib.
611 1195 687 1222 11x.
706 1198 781 1231 cap.
802 1194 928 1220 xxcv.
976 1184 1053 1218 Nec
1069 1186 1174 1229 plura
1191 1185 1234 1218 de
1252 1185 1318 1219 hac
1336 1185 1420 1219 diva
1437 1184 1552 1219 Scota.

419 1246 529 1280 Passa
547 1245 763 1291 martyrium
782 1255 875 1278 anno
894 1251 1032 1278 CDLIV.

813 1342 850 1377 S.
877 1340 1175 1376 CLEOMATA.
1228 1343 1312 1375 280.

366 1416 401 1450 S.
421 1415 669 1456 CLEOMATA,
688 1420 723 1450 et
740 1416 819 1460 ipsa
836 1414 990 1448 Ursulae
1008 1415 1179 1449 comitum
1192 1426 1276 1455 una,
1291 1425 1371 1449 cum
1385 1414 1448 1448 diu
1460 1415 1657 1448 nesciretur
1669 1416 1765 1449 locus

366 1485 451 1508 suae
477 1474 692 1518 sepulturae,
724 1474 803 1518 ipsa
828 1471 985 1506 evidenti
1011 1473 1228 1506 revelatione
1256 1473 1440 1513 indicavit,
1469 1476 1505 1506 et
1534 1477 1576 1506 ut
1603 1472 1767 1507 decenter

366 1530 623 1565 transferretur
637 1542 719 1565 cum
733 1530 871 1565 duabus
890 1529 1005 1569 sociis,
1024 1528 1160 1564 effecit:
1179 1531 1324 1564 demum
1338 1541 1419 1564 cum
1437 1530 1476 1564 in
1493 1541 1535 1564 eo
1552 1531 1768 1564 monasterio

367 1587 659 1623 cisterciensium
677 1589 901 1634 negligenter
919 1594 1188 1622 asservarentur
1205 1599 1306 1622 sacra
1324 1599 1447 1622 earum
1471 1588 1634 1634 pignora,
1657 1588 1767 1622 redie-

368 1650 456 1680 runt
473 1645 672 1686 Coloniam,
690 1650 732 1680 ut
750 1657 831 1679 eum
850 1644 1032 1678 miraculis
1050 1646 1174 1679 retulit
1192 1645 1381 1680 Caesarius
1400 1646 1476 1679 loco
1494 1645 1650 1679 laudato.

416 1702 529 1737 Caesa
546 1708 600 1737 est
618 1714 712 1738 anno
730 1704 876 1742 eodem3
906 1701 967 1735 sed
985 1702 1080 1735 diem
1098 1703 1344 1737 translationis
1363 1703 1540 1736 incertum
1557 1713 1648 1742 reor,
1663 1703 1716 1737 uti
1731 1709 1767 1737 et

368 1761 624 1804 praecedentis.

791 1858 827 1891 S.
856 1856 1217 1892 COLUMBANUS.
1272 1860 1355 1892 281.

372 1933 407 1967 S.
423 1932 723 1973 COLUMBANUS‚
741 1932 849 1967 abbas
864 1932 1129 1972 Benedictinus,
1148 1933 1238 1966 alius
1256 1933 1301 1967 ab
1318 1933 1362 1967 iis
1381 1944 1469 1977 quos
1489 1943 1597 1977 supra
1614 1933 1767 1977 descrip-

370 1991 411 2030 si,
430 2002 512 2024 nam
531 1991 569 2024 in
594 1991 712 2024 Scotia
736 2001 875 2034 semper
899 1991 1001 2030 vixit,
1026 1995 1061 2024 et
1085 2001 1106 2023 a
1126 1990 1314 2025 severitate
1339 1991 1471 2024 silentii
1499 1996 1533 2024 et
1560 1990 1766 2035 disciplinae

371 2053 516 2083 vocatus
534 2046 723 2082 Reclusus.
776 2047 926 2091 Scripsit

518 2105 601 2139 Pias
620 2105 834 2146 Sententias,
855 2116 971 2144 versu,
1337 2106 1398 2140 lib.
1419 2115 1442 2139 1.

420 2162 550 2196 Annus
569 2163 737 2196 incertus.
758 2162 897 2197 Colitur
914 2162 971 2196 die
989 2171 1081 2196 X111.
1101 2162 1299 2197 Februarii.
1326 2162 1350 2196 J
1352 2175 1383 2197 ο.
1404 2162 1570 2198 Molanus
1588 2164 1625 2197 in
1645 2163 1765 2198 Natal.

374 2220 583 2254 Sanctorum
606 2220 733 2266 Belgii.

794 2318 830 2352 S.
858 2317 1217 2354 COLUMBANUS.
1270 2322 1353 2354 282.

375 2394 411 2426 S.
444 2393 742 2433 COLUMBANUS,
775 2393 950 2438 dignitate
985 2393 1046 2426 illo
1075 2395 1246 2438 superior,
1282 2405 1345 2428 nec
1379 2399 1584 2428 sanctorum
1619 2406 1766 2439 operum

373 2451 488 2496 gloria
523 2450 681 2490 inferior,
718 2451 960 2495 episcopatum
996 2452 1106 2495 gessit
1140 2451 1440 2498 Longiniensem;
1477 2452 1537 2486 sed
1572 2452 1633 2486 ubi
1668 2454 1765 2486 locus

372 2509 441 2547 ille,
461 2508 496 2541 in
516 2508 644 2548 Scotia‚
665 2519 709 2542 an
728 2508 823 2548 alibi,
842 2514 1015 2552 quaerant
1038 2509 1108 2549 alii,
1127 2520 1210 2543 nam
1235 2521 1300 2555 ego
1325 2520 1396 2544 non
1422 2511 1569 2554 reperio,
1597 2521 1666 2544 non
1694 2521 1767 2543 mo-
