2032 2912
710 354 885 387 GENTIS
909 351 1186 391 SCOTORUM,
1210 352 1299 384 LIB.
1322 352 1386 384 111.
1685 352 1746 382 133

501 449 556 484 De
573 449 734 495 legitimo
752 448 910 482 Paschae
928 446 1154 482 celebrandae
1173 446 1349 491 Tempore
1388 446 1449 480 lib.
1470 455 1495 480 1.

499 506 543 540 In
560 506 761 552 Evangelia
1390 504 1450 538 lib.
1471 513 1497 538 1.

501 563 678 597 Homilias
1113 561 1174 595 lib.
1194 569 1220 595 1.
1237 560 1322 595 Alia
1339 562 1435 606 apud
1453 561 1626 595 Balaeum
1644 561 1737 594 vide.

401 620 600 665 Episcopus
618 619 846 654 orientalium
864 618 1045 652 Saxonum
1063 622 1286 652 consecratus
1304 623 1358 652 est
1375 629 1469 652 anno
1486 619 1591 652 salut.
1614 627 1738 651 DCLx.

351 676 604 711 monasterium
623 675 868 721 Leastingaig.
888 687 909 709 a
926 675 1168 709 fundamentis
1190 675 1303 708 erexit
1324 686 1417 709 anno
1440 684 1595 709 DCLvu.
1627 675 1741 709 archi-

349 733 503 778 episcopi
537 732 773 766 Eboracensis
809 732 980 766 honorem
1008 732 1162 776 suscepit
1192 742 1248 765 an.
1282 740 1451 765 DCLXVI.
1485 733 1529 766 ad
1561 733 1740 776 episcopa-

349 795 426 824 tum
445 790 778 824 Coventrensem'et
795 789 1078 823 Lichfeldensem
1097 789 1242 823 transiit
1267 799 1361 823 anno
1388 797 1560 823 DcLXIX.
1587 789 1739 833 denique

347 846 435 882 obiit
452 859 509 881 an.
528 855 700 881 DCLxxl.
719 847 880 891 sepultus
901 846 1127 881 Lichfeldiae.
1166 847 1211 881 In
1228 850 1433 881 sanctorum
1446 857 1636 880 numerum
1649 847 1737 880 rela-

348 910 406 939 tus
420 905 549 939 colitur
562 905 620 938 die
635 913 677 938 11.
692 904 830 938 Martii.
856 904 990 938 Molan.
1003 903 1190 938 Addition.
1205 903 1374 938 Usuardi.
1398 902 1522 938 Vitam
1535 903 1612 948 ejus
1625 903 1735 947 scrip-

346 963 393 996 sit
416 962 544 996 Daniel
565 962 749 1006 episcopus
772 960 959 996 Ventanus
977 962 1034 995 vel
1050 960 1308 1001 vintoniensis,
1327 961 1389 1006 qui
1408 961 1497 995 obiit
1515 971 1608 994 anno
1626 961 1732 994 salut,

347 1027 539 1053 DCCXLVI.

786 1134 822 1169 S.
849 1133 1152 1169 CHILLENUS.
1205 1136 1288 1169 231.

344 1250 405 1284 DE
436 1250 472 1284 S.
503 1249 666 1284 Chilleno
693 1249 856 1284 meminit
884 1249 988 1284 Joan.
1022 1248 1227 1283 Aventinus
1252 1249 1347 1293 apud
1373 1248 1653 1290 Genebrardum‚
1685 1250 1733 1283 ci-

343 1312 441 1341 tante
484 1306 650 1341 Ferreolo
692 1306 821 1341 Locrio
872 1306 1004 1341 Chron.
1057 1305 1195 1351 Belgici
1244 1317 1326 1353 pag.
1370 1314 1408 1340 L.
1460 1305 1729 1352 Chronograph.

341 1363 520 1398 Camerac.
556 1374 755 1408 anonymus
790 1367 915 1398 auctor
943 1364 982 1397 in
1011 1362 1098 1398 Vita
1132 1363 1168 1397 S.
1204 1363 1356 1398 Faronis
1387 1363 1542 1408 episcopi
1571 1364 1730 1397 Melden-

341 1421 389 1455 sis
417 1421 513 1465 apud
540 1419 650 1454 Laur.
679 1419 826 1454 Surium
861 1425 946 1454 tom.
973 1428 1010 1453 v.
1039 1421 1097 1454 die
1127 1429 1280 1454 xxvnI.
1309 1420 1498 1455 Octobris:
1535 1420 1643 1454 verba
1669 1430 1731 1464 ap-

340 1487 491 1523 ponam:
517 1482 539 1497 “
557 1477 760 1512 Chillenum
787 1476 943 1518 Scotum,
974 1477 1093 1511 virum
1119 1482 1283 1512 sanctum
1309 1478 1354 1511 ad
1379 1477 1634 1512 Atrebatenses
1653 1478 1728 1521 ipse

339 1536 448 1575 misit,
480 1546 568 1581 quos
594 1535 653 1569 ille
678 1534 774 1568 fama
799 1535 982 1569 doctrinae
1004 1540 1040 1569 et
1062 1534 1262 1569 illustribus
1279 1535 1461 1569 miraculis
1480 1535 1524 1568 ad
1543 1534 1729 1569 Christum

338 1593 530 1628 traduxit.”
581 1592 668 1626 Fuit
694 1603 779 1638 ergo
802 1592 860 1626 hic
884 1591 1176 1627 Atrebatensium
1202 1594 1395 1637 apostolus.
1448 1592 1492 1626 In
1510 1593 1671 1638 margine
1689 1603 1729 1626 eo

339 1651 404 1685 loci
422 1650 548 1684 Surius
566 1650 731 1684 observat
748 1661 770 1683 a
786 1649 999 1694 quibusdam
1017 1649 1164 1684 fratrem
1183 1650 1334 1684 Faronis
1347 1651 1442 1684 hunc
1459 1651 1613 1689 censeri;
1633 1651 1727 1694 quod

338 1709 368 1742 si
387 1719 510 1742 verum
525 1711 589 1747 est,
605 1707 672 1740 erit
685 1707 794 1740 etiam
812 1706 847 1740 S.
868 1706 962 1740 Faro
979 1706 1117 1741 Scotus.
1137 1706 1233 1740 Surii
1252 1707 1454 1741 observatio
1472 1712 1651 1742 auctorem
1666 1708 1727 1741 ha-

338 1766 397 1799 bet
430 1764 565 1798 Anton.
600 1763 857 1797 Democharem
893 1764 930 1797 in
960 1763 1132 1810 Catalogo
1169 1763 1432 1808 Episcoporum
1464 1764 1724 1804 Meldensium;

340 1821 467 1856 Petrus
498 1821 669 1866 Catalogo
693 1820 754 1854 lib.
783 1829 840 1854 IX.
871 1831 946 1865 cap.
974 1829 1104 1854 CXVII.
1135 1822 1321 1855 consentit.
1373 1820 1465 1855 Vide
1493 1820 1725 1855 Vincentium

339 1879 488 1923 Speculo
519 1878 580 1912 lib.
613 1886 735 1911 xxtn.
767 1889 842 1922 cap.
872 1887 940 1912 XV.
976 1877 1146 1923 Nugatur
1175 1878 1337 1918 Locrius,
1369 1883 1509 1912 exerrat
1540 1877 1724 1912 Arnoldus

340 1936 460 1971 Uvion
477 1936 537 1970 lib.
557 1944 593 1969 v.
613 1946 688 1979 cap.
709 1943 744 1969 L.
784 1935 907 1981 Pergit
921 1946 1027 1980 porro
1050 1947 1249 1981 anonymus
1273 1937 1424 1980 scriptor
1444 1937 1527 1970 ille:
1557 1941 1578 1955 “
1596 1935 1725 1970 Seden-

337 1999 373 2028 te
390 1994 603 2039 quandoque
620 1993 742 2027 eodem
761 1992 923 2027 Chilleno
941 1993 986 2026 ad
1011 2004 1170 2027 mensam
1198 2004 1279 2027 cum
1305 1993 1454 2033 Farone,
1480 1994 1646 2038 poculum
1674 1993 1726 2027 vi-

337 2057 454 2086 treum
477 2062 495 2085 e
518 2050 682 2085 manibus
708 2050 896 2094 pincernae
922 2051 1085 2084 excidens
1103 2050 1322 2084 confractum
1346 2055 1421 2092 est3
1449 2062 1594 2085 cernens
1620 2062 1662 2085 ea
1687 2062 1725 2085 re

337 2109 493 2143 ministri
522 2108 682 2142 animum
720 2108 968 2152 perturbatum
1007 2106 1201 2147 Chillenus,
1236 2109 1447 2152 vultumque
1481 2109 1557 2153 ejus
1592 2110 1726 2153 pallore

337 2167 524 2205 suffusum,
548 2166 638 2199 clam
656 2165 687 2199 ei
705 2165 824 2198 innuit
847 2164 1048 2211 fragmenta
1072 2165 1189 2209 poculi
1214 2165 1283 2209 ipsi
1309 2165 1503 2210 praeberet,
1529 2177 1619 2210 quae
1645 2177 1725 2200 cum

336 2224 536 2268 accepisset,
553 2223 643 2257 fusis
661 2223 706 2257 ad
724 2220 922 2256 Dominum
939 2222 1102 2267 precibus
1119 2233 1185 2266 pro
1201 2222 1411 2268 fragmentis
1429 2223 1546 2267 poculi
1572 2224 1726 2258 redinte-

335 2286 478 2327 gratum
497 2281 662 2324 poculum
681 2280 818 2314 homini
837 2280 1009 2314 moerenti
1034 2279 1225 2313 restituit.''
1275 2279 1347 2313 Hic
1372 2284 1446 2313 tam
1472 2281 1645 2326 gloriosae
1672 2282 1724 2315 vi-

335 2345 391 2373 tae
419 2342 561 2371 sanetus
588 2337 626 2371 in
654 2337 915 2383 Martyrologio
940 2337 1104 2370 Romano
1131 2337 1247 2370 locum
1273 2348 1345 2371 non
1370 2337 1487 2371 habet.
1531 2337 1565 2371 O
1582 2339 1724 2372 calami-

334 2400 443 2430 tatem
474 2399 585 2434 tuam,
616 2393 757 2429 Scotia!
807 2394 841 2427 O
875 2394 1094 2440 negligentes
1125 2398 1328 2428 nostrarum
1356 2405 1475 2428 rerum
1510 2395 1720 2440 scriptores!

334 2452 395 2486 An
420 2451 555 2496 aliquid
580 2451 774 2496 scripserit,
800 2462 871 2486 non
898 2451 1024 2496 reperi.
1061 2446 1099 2471 ‘⁶‘
1117 2450 1323 2496 Discipulus
1348 2452 1419 2486 fuit
1447 2452 1483 2487 S.
1511 2452 1722 2488 columbani
