2032 2912
720 334 895 367 GENTIS
921 332 1196 372 SCOTORUM,
1221 333 1311 364 LIB.
1334 333 1378 364 11.
1679 332 1740 361 125

354 431 535 470 memoria,
562 442 601 464 ac
631 431 833 474 eloquentia
858 440 1007 468 summa,
1034 440 1055 462 a
1081 428 1309 462 Tolosatibus
1335 432 1531 467 revocatus,
1551 427 1612 473 jus
1639 427 1741 460 civile

355 490 618 532 interpretatus,
638 498 767 533 magno
785 487 1025 520 studiosorum
1044 496 1216 519 concursu
1234 485 1492 530 frequentatur.
1525 484 1617 530 Ejus
1636 489 1740 518 sunt:

503 545 546 579 In
564 545 733 591 Logicam
752 543 959 577 Aristotelis
1340 542 1401 576 lib.
1423 551 1448 576 1.

502 602 546 636 In
564 602 753 646 Physicam
771 600 977 634 Aristotelis
1339 601 1400 635 lib.
1421 609 1445 633 Ι.

501 659 545 693 In
562 659 734 704 quosdam
754 658 1015 692 Pandectarum
1035 658 1159 692 titulos
1338 659 1398 693 lib.
1420 668 1445 691 1.

402 717 504 751 Vivit
517 717 632 750 adhuc
646 715 808 755 Tolosae,
820 720 855 749 et
869 715 1022 759 patriam
1034 727 1135 749 suam
1148 727 1219 749 non
1234 716 1431 761 vulgariter
1443 721 1557 750 ornat.
1585 715 1742 750 “Rector

353 775 551 809 academiae
568 773 777 813 Tolosanae,
800 772 979 817 professor
995 773 1126 818 regius,
1153 774 1209 807 vir
1235 773 1529 813 eruditissimus,'’
1551 778 1698 807 vocatur
1723 784 1743 806 a

353 832 517 866 Gabriele
535 831 810 866 Bartholomaeo
826 830 887 864 lib.
907 839 961 863 VI.
983 830 1187 865 Prostratae
1207 831 1435 870 Rebellionis,
1454 842 1529 875 cap.
1552 840 1576 864 1.

737 945 760 979 J
762 945 961 979 ACOBUS
986 944 1235 980 BETONUS.
1289 948 1332 980 21
1339 948 1370 983 7.

354 1063 376 1095 J
380 1071 536 1096 ACOBUS
556 1062 727 1101 Betonus,
747 1060 973 1095 Glascuensis
996 1060 1290 1106 archiepiscopus,
1314 1061 1465 1096 Davidis
1489 1062 1676 1096 cardinalis
1701 1073 1744 1095 ex

354 1120 465 1154 fratre
487 1131 606 1164 nepos,
630 1119 740 1153 nobili
763 1117 900 1151 familia
917 1118 960 1151 de
977 1117 1139 1158 Balfour,
1165 1130 1209 1152 ex
1235 1131 1306 1163 qua
1332 1119 1440 1154 etiam
1466 1120 1619 1165 majores
1645 1120 1745 1153 ducis

355 1178 483 1217 Suillii,
502 1188 651 1223 magnae
670 1177 765 1220 apud
784 1174 982 1209 Henricum
1001 1175 1066 1209 IV.
1093 1175 1310 1221 dignationis
1330 1176 1410 1216 viri,
1429 1176 1467 1209 in
1493 1175 1627 1210 Gallias
1647 1177 1743 1210 veni-

355 1240 452 1269 entes
471 1235 565 1278 apud
584 1233 772 1267 Neustrios
797 1233 914 1266 sedem
932 1232 1093 1266 fixerant.
1121 1232 1281 1267 Betonus
1300 1238 1432 1274 noster,
1459 1234 1642 1278 religionis
1661 1245 1745 1279 ergo

353 1293 470 1336 patria
486 1290 671 1336 profugus,
692 1290 828 1323 Romae
846 1294 1070 1323 consecratus
1096 1295 1150 1323 est
1176 1290 1459 1334 archiepiscopus
1486 1301 1578 1325 anno
1607 1300 1743 1324 MDLn.

354 1349 538 1383 Gallorum
574 1352 696 1392 postea
730 1358 855 1393 regum
895 1346 1107 1381 liberalitate
1141 1347 1260 1391 opima
1295 1347 1491 1381 sacerdotia
1525 1353 1743 1387 consecutus,

355 1407 461 1441 abbas
480 1406 523 1439 B.
542 1405 705 1451 Virginis
724 1402 876 1438 Labsiae
893 1404 932 1437 in
954 1403 1173 1444 Pictonibus,
1202 1408 1369 1448 quaestor
1395 1403 1431 1437 S.
1459 1403 1592 1438 Hilarii
1619 1404 1744 1451 Magni

352 1463 541 1510 Augustae
560 1462 761 1502 Pictonum,
780 1462 878 1506 prior
895 1461 1016 1496 Sancti
1035 1461 1134 1495 Petri
1153 1461 1351 1501 Pontesiae,
1379 1466 1401 1481 “
1419 1462 1495 1495 vita
1512 1461 1686 1496 honorata
1711 1468 1746 1496 et

353 1526 497 1556 actuosa
524 1521 619 1554 domi
648 1520 816 1565 forisque,
850 1523 970 1554 orator
999 1519 1038 1552 in
1068 1517 1186 1552 Gallia
1211 1519 1313 1553 annis
1341 1526 1444 1552 XLII.
1471 1518 1564 1552 bona
1589 1520 1743 1553 moriens

354 1581 390 1613 in
417 1590 554 1613 annuos
582 1589 781 1623 pauperum
810 1577 1101 1611 scholasticorum
1127 1575 1314 1610 Scotorum
1341 1587 1428 1609 usus
1456 1577 1634 1621 eroganda
1666 1577 1746 1610 reli-

354 1638 463 1682 quit.”
516 1636 585 1670 Sed
602 1636 822 1680 epitaphium
847 1645 1023 1679 apponam
1049 1634 1095 1667 ad
1119 1634 1165 1667 D.
1192 1633 1342 1667 Joannis
1369 1633 1619 1667 Lateranensis
1644 1633 1744 1667 Pari-

354 1695 427 1734 siis,
441 1695 502 1728 ubi
517 1693 627 1733 obiit;
648 1698 700 1726 est
712 1693 806 1726 enim
819 1694 967 1732 cultum,
979 1696 1014 1725 et
1028 1692 1178 1737 dignum
1190 1702 1262 1725 non
1280 1691 1330 1725 ibi
1348 1696 1502 1730 tantum,
1521 1692 1581 1724 sed
1600 1691 1741 1735 ubique,

354 1752 435 1798 legi.

657 1851 775 1881 Praesul
788 1857 818 1880 et
832 1857 925 1880 orator
939 1852 1035 1880 fuerat
1049 1851 1099 1889 qui
1114 1850 1256 1879 maximus
1271 1851 1346 1879 orbis

693 1900 801 1928 Aetate
815 1899 877 1932 hac,
892 1908 979 1937 parvo
992 1908 1131 1927 marmore
1145 1898 1316 1936 contegitur.

655 1946 873 1984 Quinquaginta
888 1956 977 1974 unum
992 1945 1106 1984 praesul
1119 1950 1296 1982 transegerat
1310 1955 1407 1978 annos,

694 1992 895 2030 Quadraginta
909 1993 979 2021 duos
993 1993 1071 2031 regia
1082 1992 1162 2030 jussa
1177 1992 1254 2020 subit
1265 2003 1273 2025 ‚-

655 2039 712 2068 Sed
726 2039 799 2068 vidit
813 2050 894 2078 reges
909 2040 1057 2068 Gallorum
1071 2039 1198 2077 quinque
1212 2044 1327 2067 secutus

695 2087 809 2120 Orator,
824 2087 933 2126 patriae
948 2087 1056 2125 profuit
1070 2096 1160 2124 usque
1175 2096 1252 2114 suae.

655 2134 708 2163 Est
722 2140 789 2162 voto
804 2134 926 2167 fructus,
943 2134 1039 2162 Scotos
1053 2133 1219 2171 Anglosque
1233 2133 1286 2161 sub
1301 2143 1357 2161 uno

695 2181 790 2209 Unius
806 2181 883 2210 Scoti
897 2180 1008 2209 viderat
1021 2181 1141 2219 imperio
1154 2191 1160 2208 :

656 2227 736 2256 Illud
749 2228 884 2261 restabat,
899 2227 991 2256 voluit
1005 2227 1080 2266 quod
1094 2233 1230 2265 utrosque
1244 2227 1297 2255 sub
1311 2237 1401 2255 unum

696 2275 821 2303 Divinae
835 2275 906 2313 legis
921 2275 1031 2303 mittier
1044 2275 1207 2313 imperium,

655 2321 799 2360 Quodque
814 2332 896 2350 suum
911 2322 1002 2360 cupiit
1016 2332 1111 2360 regem
1126 2321 1297 2354 venerarier,
1314 2327 1344 2350 et
1360 2332 1433 2350 mors

693 2369 800 2398 Fertur
814 2370 844 2398 in
859 2370 910 2397 hoc
925 2379 981 2398 uno
995 2369 1195 2408 praecipitasse
1209 2378 1316 2397 senem.
