2032 2912
368 322 432 354 266
754 318 985 352 HISTORIA
1009 317 1384 351 ECCLESIASTICA

369 430 447 453 sore
474 417 619 451 Failbeo
645 416 818 449 intentius
845 415 1022 455 audiente,
1048 414 1111 459 qui
1138 419 1173 448 et
1199 414 1274 459 ipse
1300 425 1381 448 cum
1417 412 1570 459 Segenio
1600 423 1766 457 praesens

370 477 495 514 inerat,
514 474 616 519 cujus
634 473 805 507 relatione
825 477 861 506 et
879 483 944 517 ego
962 472 1037 516 ipse
1055 472 1204 518 cognovi
1222 472 1308 506 haec
1332 471 1454 505 eadem
1473 482 1563 516 quae
1587 470 1765 504 narravi.’'

370 532 444 566 Nec
461 533 565 577 plura
583 531 678 575 apud
696 531 806 564 alium
825 530 868 564 de
886 541 938 564 eo.
992 529 1143 574 Scripsit

515 587 610 622 Acta
628 588 663 622 S.
683 587 877 622 Columbae
1308 587 1369 621 lib.
1391 595 1416 620 Ι.

419 646 561 680 Floruit
580 646 796 680 anno‘salut.
817 654 980 681 DLXVII.
1029 645 1169 679 Colitur
1186 645 1243 678 die
1261 653 1330 679 XV.
1350 644 1522 680 Februar.
1581 644 1767 689 Reliquiae

368 704 573 739 colebantur
591 704 629 737 in
647 702 911 738 Sutherlandia.
963 702 1134 737 Scotichr.
1155 703 1216 737 lib.
1237 712 1296 737 111.
1316 713 1391 747 cap.
1412 711 1499 737 XIV.
1517 708 1522 713 '

886 818 1102 854 ERVEUS.
1158 820 1241 856 494.

366 935 545 976 ERVEUS,
558 936 792 970 monasticam
806 936 917 970 vitam
928 935 1119 979 professus,
1128 934 1370 969 Carmelitano
1381 946 1418 969 se
1432 934 1601 968 instituto
1615 935 1766 975 addixit,

367 995 463 1039 quod
488 1006 529 1028 ea
552 998 667 1027 aetate
693 993 839 1027 mirifice
865 993 960 1038 apud
986 992 1108 1027 Scotos
1126 992 1294 1027 florebat:
1322 993 1477 1037 patriam
1503 993 1625 1027 adulta
1651 997 1766 1027 aetate

368 1053 584 1096 relinquens,
616 1050 782 1084 Lutetiae
811 1050 1010 1096 theologica
1046 1051 1165 1084 studia
1195 1051 1391 1094 amplexus,
1430 1050 1665 1085 clarissimum
1697 1050 1765 1084 sibi

366 1110 572 1154 patriaeque
601 1119 730 1142 nomen
758 1109 918 1152 peperit3
952 1119 1058 1153 quem
1085 1109 1171 1142 satis
1197 1108 1322 1141 mirari
1347 1119 1419 1142 non
1444 1119 1590 1152 possum
1616 1108 1655 1142 in
1681 1108 1766 1142 Car-

365 1167 534 1201 melitana
559 1166 784 1200 Bibliotheca
808 1166 993 1206 omissum,
1022 1177 1102 1200 cum
1131 1167 1169 1199 in
1198 1166 1285 1200 actis
1316 1165 1529 1200 Parisiensis
1556 1167 1765 1206 academiae,

365 1230 400 1258 et
418 1225 457 1258 in
476 1224 640 1258 Indiculo
659 1224 705 1257 sit
724 1223 945 1268 Scriptorum
965 1223 1163 1264 Scotorum,
1182 1223 1244 1269 qui
1263 1223 1345 1257 licet
1362 1234 1509 1257 mancus
1528 1224 1587 1263 sit,
1606 1229 1726 1258 tamen
1744 1236 1765 1258 a

365 1282 528 1328 diligenti
547 1287 600 1316 est
618 1286 818 1328 congestus,
839 1286 874 1316 et
901 1283 976 1316 sola
999 1282 1166 1326 nuda'que
1190 1281 1335 1315 nomina
1358 1282 1616 1326 complectitur.
1669 1281 1763 1327 Ejus

366 1344 482 1374 exstat

513 1396 567 1430 De
585 1397 752 1430 Conciliis
771 1396 1018 1431 Oecumenicis
1206 1396 1266 1430 lib.
1287 1406 1313 1431 1.
1365 1396 1506 1432 Prodiit
1524 1396 1701 1432 Lutetiae.

414 1455 517 1489 Vixit
535 1466 628 1488 anno
648 1463 768 1488 Mccc.

909 1569 1219 1604 EGINARTUS.

365 1686 623 1725 EGINARTUS,
649 1686 725 1719 sive
747 1684 943 1726 Einardus,
966 1697 1037 1719 non
1064 1685 1400 1720 Franco-orientalis
1427 1686 1508 1728 fuit,
1534 1692 1576 1722 ut
1594 1686 1762 1722 Germani

365 1745 594 1784 contendunt,
613 1744 672 1777 sed
692 1743 829 1783 Scotus,
854 1748 896 1777 ut
918 1743 1013 1777 infra
1030 1744 1069 1777 in
1086 1754 1170 1777 voce
1191 1740 1411 1778 Kineardus
1427 1745 1638 1789 probabitur
1654 1758 1664 1789 ;
1693 1757 1764 1791 quo

367 1804 442 1835 loco
461 1801 601 1835 abunde
620 1802 663 1835 de
682 1801 743 1835 illo
763 1802 855 1835 vide.

738 1916 976 1951 JOANNES
1001 1916 1254 1951 ELDMAIR.
1307 1919 1392 1956 495.

366 2034 389 2067 J
393 2043 508 2068 OANN
515 2044 557 2068 ΕΞ
577 2034 741 2068 Eldmair
759 2045 891 2079 magno
908 2034 1051 2067 nomine
1069 2034 1163 2078 apud
1182 2044 1264 2067 suos
1283 2039 1318 2068 et
1332 2033 1453 2070 Gallos
1468 2036 1606 2070 claruit.
1654 2036 1759 2071 Hect.

367 2092 541 2126 Boethius
559 2093 619 2126 lib.
636 2101 757 2126 xv111.
779 2091 916 2125 Histor.
937 2091 1062 2125 Scotic.
1077 2092 1114 2125 in
1129 2091 1196 2125 fine
1212 2101 1220 2125 τ
1240 2096 1260 2110 “
1272 2092 1332 2126 Ex
1346 2093 1477 2127 nostris
1492 2105 1592 2127 sacra
1605 2094 1760 2139 discipli-

370 2162 415 2183 na
434 2151 625 2184 admodum
641 2150 783 2190 eruditi,
797 2148 862 2184 &c.
877 2149 900 2183 J
902 2160 1033 2183 oannes
1048 2148 1223 2190 Eldmair‚
1239 2161 1258 2183 a
1272 2149 1295 2183 J
1297 2150 1405 2185 acobo
1419 2151 1621 2191 Kennetho‚
1641 2151 1762 2187 Sancti

368 2207 533 2241 Andreae
552 2209 726 2252 episcopo,
746 2220 767 2242 a
784 2207 979 2241 Parisiensi
997 2208 1177 2241 academia
1203 2208 1346 2248 accitus,
1371 2216 1414 2243 ut
1437 2210 1473 2243 in
1498 2209 1657 2256 Collegio
1684 2210 1763 2244 Ser-

369 2266 513 2304 vatoris,
538 2266 631 2310 quod
658 2266 796 2311 ingenti
821 2270 968 2309 sumptu
991 2264 1341 2311 magnificentissime
1365 2267 1581 2307 condiderat,
1606 2268 1761 2314 egregie-

368 2334 436 2366 que
454 2323 498 2355 ad
516 2323 757 2357 studiosorum
781 2335 887 2357 usum
914 2323 1111 2363 dotaverat,
1138 2323 1278 2356 divinas
1306 2328 1413 2368 atque
1439 2325 1614 2359 humanas
1640 2325 1761 2360 literas

369 2379 627 2424 profiteretur.”
681 2381 772 2425 Ejus
791 2386 876 2415 sunt
892 2391 899 2414 :

519 2437 562 2471 In
582 2436 707 2472 Libros
726 2438 991 2472 Sententiarum
1160 2439 1221 2473 lib.
1243 2448 1296 2472 IV.
1349 2438 1373 2473 J
1376 2450 1507 2474 oannes
1528 2440 1658 2486 Major.
