2032 2912
307 306 371 338 226
693 299 926 333 HISTORIA
950 297 1327 331 ECCLESIASTICA

310 408 368 436 tus
394 402 500 435 homo
525 398 719 432 Eduardus
746 395 774 429 I.
805 394 961 441 Angliae
986 405 1061 435 reX,
1092 394 1239 428 absente
1265 392 1425 427 Roberto
1451 390 1585 426 Brusio
1611 403 1707 438 rege,

311 459 464 493 Scotiam
483 456 678 494 invaderet,
705 465 757 494 ac,
782 453 877 498 quod
902 453 1124 497 impietatem
1149 462 1328 485 summam
1355 449 1626 494 barbariemque
1653 461 1713 483 ne-

310 515 555 550 fandissimam
573 513 745 557 loquitur,
765 523 865 546 sacra
882 510 1042 555 profanis
1060 511 1236 550 misceret,
1257 509 1477 554 direptisque
1501 507 1712 542 Melrosien-

310 575 338 607 si
357 578 391 607 et
409 571 661 617 Dryburgensi
679 570 858 605 coenobiis
882 570 998 614 ipsam
1024 567 1276 602 eucharistiam
1295 567 1468 606 violaret3
1497 577 1568 610 quo
1594 570 1714 599 tantae

311 630 464 664 feritatis
484 628 641 663 facinore
659 633 778 663 motus
797 627 988 667 Patricius,
1007 626 1150 671 scripsit
1168 629 1204 660 et
1222 625 1387 671 vulgavit

457 687 512 721 De
526 686 740 721 Monasterii
755 686 811 720 sui
825 685 1047 730 Direptione,
1066 695 1183 724 versu,
1199 684 1245 718 ad
1259 683 1396 729 Regem
1414 686 1522 727 atque
1541 681 1714 716 Coenobi-

508 756 611 779 orum
630 744 768 785 Patres,
1206 741 1268 776 lib.
1290 750 1315 775 Ι.

361 804 529 840 Florebat
547 814 640 837 anno
660 811 876 837 MCCCXXX.
930 799 1232 835 Scotichronicon.

673 916 913 952 MICHAEL
939 913 1221 950 DIRLETON.
1274 915 1358 948 418.

312 1037 512 1071 MICHAEL
532 1034 742 1069 Dirletonus
762 1033 1035 1073 Franciscanus,
1055 1036 1091 1066 et
1108 1031 1247 1076 primus
1266 1030 1492 1075 praepositus
1515 1029 1613 1064 illius
1636 1030 1715 1069 loci,

311 1095 453 1139 scripsit

458 1151 519 1185 Ad
537 1149 726 1186 Valterum
745 1149 977 1190 Haliburton,
996 1148 1254 1193 Fundatorem,
1273 1146 1442 1187 Militem,
1481 1146 1544 1181 lib.
1565 1156 1590 1180 1.

461 1209 635 1244 Lecturas
653 1209 692 1242 in
711 1208 873 1242 Psalmos
1483 1204 1544 1239 lib.
1566 1213 1591 1238 Ι.

459 1267 643 1314 Logicalia
1480 1263 1542 1297 lib.
1564 1272 1589 1296 1.
1603 1261 1717 1308 Egre-

508 1326 608 1371 gium
628 1336 728 1370 opus,
747 1325 799 1359 ait
817 1323 1073 1358 Scotichronici
1091 1322 1321 1357 continuator
1340 1321 1555 1356 Maculloch.

361 1384 465 1419 Vixit
483 1395 576 1418 anno
596 1391 850 1417 Mccccxmv.

700 1497 865 1534 DAVID
891 1496 1191 1532 DUGLASIUS.
1246 1499 1330 1536 419.

316 1617 453 1650 DAVID
482 1615 691 1662 Duglasius,
719 1615 859 1650 comitis
883 1614 1096 1649 Archibaldi
1119 1614 1265 1661 gentilis
1291 1625 1331 1649 ac
1355 1618 1579 1655 coaetaneus,
1603 1616 1719 1660 primo

317 1676 351 1708 in
372 1674 498 1708 Galliis
518 1675 646 1708 celebri
666 1674 811 1708 nomine
829 1674 959 1720 viguit.
1011 1672 1106 1719 Ejus
1125 1677 1231 1707 sunt:

466 1732 521 1766 De
541 1732 703 1767 Naturae
722 1732 951 1766 Mirabilibus
1253 1731 1314 1766 lib.
1335 1740 1361 1764 Ι.
1381 1730 1522 1765 Prodiit
1540 1730 1719 1765 Lutetiae.

462 1790 634 1825 Defensio
660 1791 701 1825 C.
730 1790 852 1830 Plinii,
880 1789 959 1824 MS.
987 1791 1083 1834 apud
1110 1789 1260 1824 Petrum
1288 1788 1492 1830 Petavium,
1520 1794 1720 1823 senatorem

513 1849 666 1895 regium,
693 1850 731 1883 in
758 1848 935 1893 superiori
962 1848 1240 1894 contignatione,
1268 1848 1330 1882 lib.
1359 1857 1384 1881 Ι.
1416 1859 1487 1892 quo
1514 1858 1619 1892 opere
1649 1857 1721 1881 non

514 1908 586 1954 legi
600 1908 758 1948 doctius3
779 1918 860 1941 eum
875 1906 970 1940 enim
988 1911 1170 1940 auctorem
1188 1917 1210 1940 a
1228 1906 1416 1940 calumniis
1434 1906 1599 1946 aliorum,
1618 1906 1721 1939 colla·

515 1966 612 1999 tione
630 1966 822 2011 diligenter
839 1965 943 2004 facta,
963 1965 1132 1998 acerrime
1151 1964 1321 1998 vindicat.

467 2023 713 2057 Historiarum
733 2027 809 2058 toto
828 2023 912 2058 orbe
930 2022 1103 2067 Synopsis
1263 2022 1324 2056 lib.
1346 2031 1371 2056 1.

466 2081 637 2115 Poemata
655 2092 755 2115 sacra
1263 2080 1324 2114 lib.
1346 2089 1370 2114 1.

369 2139 511 2173 Floruit
529 2151 624 2173 anno
644 2148 802 2173 MDXXI.

704 2237 939 2272 JOANNES
964 2237 1199 2272 DUMBAR.
1254 2240 1337 2272 420.

324 2311 517 2345 JOANNES
543 2312 706 2346 Dumbar
732 2312 1004 2347 Ganovidianus
1032 2313 1095 2347 diu
1121 2314 1159 2347 in
1188 2314 1314 2348 Galliis
1343 2314 1516 2355 substitit,
1548 2320 1583 2349 et
1615 2315 1723 2349 bonas

325 2374 418 2403 artes
449 2369 595 2404 Parisiis
624 2375 730 2415 atque
762 2371 938 2405 Tholosae
964 2371 1099 2412 didicit,
1129 2371 1302 2417 Rupellae
1333 2373 1465 2413 docuit,
1496 2372 1723 2407 celeberrima

326 2427 432 2467 fama,
463 2432 498 2461 et
528 2432 631 2473 grata
661 2429 903 2463 recordatione
935 2429 1079 2463 nomine
1114 2430 1182 2464 sibi
1213 2431 1411 2465 conciliato.
1477 2430 1585 2465 Sunt·
1605 2431 1649 2464 ab
1683 2443 1723 2464 eo
