2032 2912
710 342 943 375 HISTORIA
968 342 1350 375 ECCLESIASTICA.
1668 342 1730 372 243

383 436 525 471 Floruit
548 448 641 471 anno
667 446 874 471 DCLXXHI.
899 449 971 482 quo
995 449 1088 471 anno
1112 438 1147 472 S.
1173 437 1412 472 Cuthbertum
1437 438 1474 471 in
1501 436 1727 471 Mailrosensi

334 495 512 534 coenobio,
538 506 558 528 a
582 506 619 528 se
643 495 797 534 condito,
824 495 966 535 induit;
993 500 1034 529 ut
1053 495 1211 530 Florent.
1231 495 1494 540 lVigorniensis
1521 496 1565 529 ad
1592 506 1726 529 annum

333 563 414 586 eum
433 553 494 592 ait,
513 553 582 585 nisi
601 552 696 596 quod
716 552 808 585 male
826 549 1079 586 Mailronense
1097 553 1202 586 habet
1216 564 1280 596 pro
1295 550 1545 586 sslccilrosensi.
1573 552 1728 587 Videtur

334 611 525 654 praecipua
542 610 686 653 pietatis
711 608 824 642 officia
847 610 1046 643 exercuisse
1069 621 1163 643 anno
1188 618 1423 644 DCLXXVIII.
1450 610 1584 644 Matth.
1610 610 1729 644 lVest-

334 667 623 701 monasteriensis
651 678 691 700 eo
718 677 823 700 anno.
876 665 1040 710 Denique
1067 667 1155 700 obiit
1186 667 1223 700 in
1255 666 1389 712 Anglia
1420 667 1664 714 Hagustaldae
1690 668 1728 701 in

334 725 540 769 episcopatu
564 735 640 764 suo,
665 735 736 757 non
758 725 863 769 longe
890 723 1022 769 Thyno
1049 735 1163 763 amne,
1191 735 1283 757 anno
1303 733 1534 759 DCLXXXVI.
1586 726 1728 770 Duplex

333 781 486 816 Arnoldi
506 782 659 816 Uvionis
678 794 776 816 error
793 782 854 816 lib.
876 791 918 815 11.
944 782 1026 828 Lig.
1045 781 1151 816 Vitae
1175 793 1251 825 cap.
1271 791 1371 816 XXV.
1397 794 1480 816 nam
1498 783 1727 827 archiepisco-

334 850 420 884 pum
439 840 524 874 facit
541 839 815 879 Eboracensem,
843 844 878 873 et
902 851 979 874 eam
1004 840 1121 874 sedem
1148 839 1184 874 S.
1204 839 1403 874 Cuthberto
1426 840 1609 884 reliquisse
1629 843 1728 881 vult3

333 902 526 942 utrumque
546 909 629 932 sane
648 897 891 932 falsissimum.

784 1014 820 1049 S.
848 1014 1135 1049 EGBERTUS.
1189 1017 1273 1049 445.

337 1134 357 1149 “
376 1129 646 1164 MAGNIFICUS
672 1131 815 1175 praesul
837 1131 873 1164 S.
899 1131 1112 1176 Egbertus,”
1139 1132 1190 1165 ait
1217 1131 1261 1165 B.
1289 1132 1519 1166 Marcellinus
1546 1133 1732 1177 presbyter

336 1188 373 1221 in
391 1187 479 1222 Vita
497 1189 532 1222 S.
553 1188 710 1222 Suiberti
729 1199 804 1232 cap.
824 1198 878 1222 VI.
899 1194 920 1208 ‘⁶
938 1190 1062 1223 sitiens
1081 1193 1117 1222 et
1134 1189 1302 1223 affectans
1321 1191 1472 1224 salutem
1491 1192 1650 1224 omnium
1673 1191 1733 1225 ho-

336 1247 486 1285 minum,
513 1251 547 1280 et
573 1246 761 1290 praecipue
785 1258 1006 1292 paganorum
1034 1246 1237 1287 Frisonum‚
1263 1247 1457 1281 destinavit
1483 1249 1525 1282 ad
1553 1249 1631 1282 illos
1658 1258 1732 1282 ΧΠ.

335 1304 572 1348 presbyteros,
591 1305 653 1348 qui
672 1308 756 1338 sunt
775 1304 1042 1344 Willibrordus‚
1061 1303 1260 1344 Suibertus,
1279 1305 1386 1345 Acca,
1404 1306 1625 1352 wigbertus,
1644 1306 1735 1339 Wil-

337 1362 501 1401 libaldus,
516 1361 757 1402 Winibaldus,
776 1361 973 1402 Lebuinus,
991 1362 1062 1395 duo
1079 1361 1234 1402 Ewaldi,
1253 1362 1303 1396 W
1305 1362 1515 1402 erenfridus,
1533 1368 1569 1397 et
1587 1364 1736 1397 Marcel-

337 1419 432 1453 linus
446 1420 474 1452 :”
501 1420 575 1464 qui,
600 1420 667 1453 etsi
691 1430 764 1453 non
788 1431 909 1453 omnes
933 1419 1025 1453 forte
1049 1418 1157 1459 Scoti,
1176 1423 1213 1453 at
1231 1421 1346 1465 major
1363 1425 1456 1453 certe
1475 1432 1569 1464 pars,
1593 1425 1635 1454 ut
1652 1420 1737 1454 alibi

337 1478 403 1512 hoc
421 1488 526 1521 opere
544 1478 704 1511 ostendo.
736 1477 897 1511 Francis.
913 1477 1131 1511 Godwinus:
1151 1481 1172 1496 ‘⁶
1186 1476 1369 1523 Egbertus
1383 1477 1520 1518 Scotus‚
1536 1483 1609 1518 aut,
1622 1483 1664 1512 ut
1677 1478 1737 1512 alii

335 1535 449 1574 aiunt,
477 1534 514 1567 in
538 1533 658 1568 Scotia
683 1534 880 1574 ordinatus,
906 1535 1205 1569 monasteriorum
1228 1535 1350 1570 Sancti
1369 1535 1580 1570 Columbani
1606 1537 1645 1570 in
1672 1536 1739 1570 Hi·

335 1593 460 1627 bernia
485 1596 521 1626 et
548 1592 741 1626 Britannia
767 1596 883 1626 rector
909 1597 944 1626 et
971 1592 1111 1626 abbas.”
1164 1593 1390 1627 Trithemius
1416 1593 1476 1627 lib.
1502 1603 1562 1628 111.
1589 1594 1632 1628 de
1658 1594 1735 1628 Vir.

336 1650 504 1684 illustrib.
527 1650 654 1683 Ordin.
675 1650 710 1684 S.
731 1649 918 1683 Benedicti
932 1660 1008 1693 cap.
1025 1658 1153 1684 CXXX.
1196 1650 1411 1685 Coenobitae
1426 1651 1685 1685 Medelocenses
1701 1653 1738 1686 in

340 1707 426 1742 Vita
445 1707 566 1741 Sancti
584 1707 774 1741 Adalberti
793 1718 867 1751 cap.
886 1716 910 1741 1.
933 1712 953 1726 “
968 1706 1004 1740 S.
1023 1706 1217 1753 Egbertus,
1236 1709 1387 1752 patriam
1403 1713 1638 1753 parentesque
1656 1721 1737 1744 suos

338 1766 513 1805 ‹lesen-em,
546 1765 748 1799 remotioris
780 1766 875 1799 vitae
902 1766 1051 1809 cupidus
1078 1765 1116 1799 in
1144 1765 1357 1799 Hiberniam
1384 1767 1536 1807 secessit,
1564 1767 1608 1801 ad
1636 1768 1736 1813 cujus

338 1823 471 1858 famam
491 1823 654 1857 certatim
672 1823 717 1857 ad
735 1834 816 1857 eum
835 1827 909 1857 tam
936 1822 1032 1857 Scoti
1058 1834 1167 1867 quam
1193 1823 1305 1869 Angli
1332 1823 1547 1858 confluentes
1574 1825 1611 1858 in
1638 1826 1740 1859 disci·

339 1882 473 1926 plinam
492 1892 529 1915 se
553 1881 813 1915 tradiderunt.”
863 1880 957 1915 Vide
983 1882 1079 1925 apud
1105 1880 1278 1915 Laurent.
1307 1880 1455 1915 Surium
1481 1887 1566 1916 tom.
1596 1892 1656 1917 111.
1684 1883 1740 1916 die

341 1948 442 1973 XXV.
473 1939 587 1973 Junii.
642 1943 664 1958 “
682 1938 865 1985 Egbertus
894 1939 952 1972 vir
981 1939 1155 1979 sanctus‚’'
1183 1939 1234 1973 ait
1265 1939 1495 1973 Hermannus
1527 1940 1739 1975 Contractus

339 1996 516 2031 Chronico
531 1997 576 2031 ad
590 2008 724 2030 annum
740 2005 860 2030 DCCX.
881 2001 902 2016 ‘⁶
920 1996 1042 2031 Scotos
1060 1997 1219 2043 legitime
1237 1997 1368 2041 pascha
1385 1997 1559 2032 celebrare
1578 1998 1697 2032 docuit
1709 1999 1740 2038 ;''

340 2056 435 2100 quod
454 2066 547 2089 anno
567 2063 706 2088 DCCIX.
726 2055 916 2101 contigisse
935 2055 1015 2088 vult
1032 2054 1189 2100 Sigeber.
1210 2054 1495 2090 Gemblacensis:
1524 2061 1603 2090 orta
1620 2061 1739 2090 autem

341 2125 382 2147 ea
417 2113 659 2147 controversia
692 2112 811 2147 fuerat
845 2124 939 2147 anno
970 2121 1139 2146 DCLXIV.
1175 2117 1215 2147 ut
1248 2113 1341 2146 idem
1373 2112 1579 2159 Sigebertus
1609 2114 1740 2148 docuit.

342 2171 435 2217 Ejus
454 2176 539 2205 sunt
555 2180 563 2204 ε

490 2228 545 2262 De
565 2228 711 2262 Ritibus
730 2227 995 2263 Catholicorum
1284 2229 1346 2263 lib.
1367 2239 1391 2263 1.

494 2286 550 2320 De
569 2286 733 2320 Paschali
752 2285 1012 2320 Observatione
1290 2287 1350 2321 lib.
1371 2297 1396 2321 1.

499 2344 696 2378 Conciones
715 2343 835 2377 variae
1290 2345 1351 2378 lib.
1372 2354 1397 2379 1.

395 2403 506 2443 Obiit,
530 2403 616 2436 dum
641 2402 679 2435 in
697 2401 817 2435 Scotia
843 2402 938 2446 apud
965 2413 1048 2436 suos
1075 2402 1170 2436 cives
1195 2403 1475 2444 concionaretur,
1503 2415 1596 2437 anno
1620 2405 1745 2438 aetatis

350 2470 416 2496 xc.
445 2461 615 2495 Mordaco
642 2460 737 2505 apud
764 2458 887 2494 Scotos
914 2464 1096 2506 regnante,
1123 2471 1217 2495 anno
1235 2461 1340 2495 salut.
1361 2469 1562 2495 Dccxxlx.
1580 2466 1621 2496 ut
1639 2473 1746 2495 anna-
