<?xml version="1.0" encoding="UTF-8"?>
<!DOCTYPE html PUBLIC "-//W3C//DTD XHTML 1.0 Transitional//EN"
    "http://www.w3.org/TR/xhtml1/DTD/xhtml1-transitional.dtd">
<html xmlns="http://www.w3.org/1999/xhtml" xml:lang="en" lang="en">
 <head>
  <title>
</title>
<meta http-equiv="Content-Type" content="text/html;charset=utf-8" />
  <meta name='ocr-system' content='tesseract 3.04.00' />
  <meta name='ocr-capabilities' content='ocr_page ocr_carea ocr_par ocr_line ocrx_word'/>
</head>
<body>
  <div class='ocr_page' id='page_1' title='image "./thomaedempste2101dempuoft_0255.png"; bbox 0 0 2032 2912; ppageno 0'>
   <div class='ocr_carea' id='block_1_1' title="bbox 723 337 1753 377">
    <p class='ocr_par' dir='ltr' id='par_1_1' title="bbox 723 337 1753 377">
     <span class='ocr_line' id='line_1_1' title="bbox 723 337 1753 377; baseline 0.001 -7"><span class='ocrx_word' id='word_1_1' title='bbox 723 337 898 370; x_wconf 90' lang='lat' dir='ltr'>GENTIS</span> <span class='ocrx_word' id='word_1_2' title='bbox 923 338 1198 377; x_wconf 89' lang='lat' dir='ltr'><strong>SCOTORUM,</strong></span> <span class='ocrx_word' id='word_1_3' title='bbox 1224 338 1313 370; x_wconf 87' lang='lat' dir='ltr'><strong>LIB.</strong></span> <span class='ocrx_word' id='word_1_4' title='bbox 1337 338 1402 371; x_wconf 91' lang='lat'>111.</span> <span class='ocrx_word' id='word_1_5' title='bbox 1691 341 1753 374; x_wconf 82' lang='lat'><strong>193</strong></span> 
     </span>
    </p>
   </div>
   <div class='ocr_carea' id='block_1_2' title="bbox 366 431 1752 1265">
    <p class='ocr_par' dir='ltr' id='par_1_2' title="bbox 366 431 1751 813">
     <span class='ocr_line' id='line_1_2' title="bbox 367 431 1750 478; baseline 0.002 -14"><span class='ocrx_word' id='word_1_6' title='bbox 367 432 465 477; x_wconf 84' lang='lat' dir='ltr'><strong>regio</strong></span> <span class='ocrx_word' id='word_1_7' title='bbox 482 431 654 477; x_wconf 87' lang='lat' dir='ltr'><strong>sanguine</strong></span> <span class='ocrx_word' id='word_1_8' title='bbox 671 437 848 466; x_wconf 83' lang='lat' dir='ltr'><strong>asseveret</strong></span> <span class='ocrx_word' id='word_1_9' title='bbox 865 436 984 466; x_wconf 87' lang='lat' dir='ltr'><strong>ortum</strong></span> <span class='ocrx_word' id='word_1_10' title='bbox 1000 444 1130 478; x_wconf 86' lang='lat' dir='ltr'><strong>magna</strong></span> <span class='ocrx_word' id='word_1_11' title='bbox 1152 444 1193 467; x_wconf 84' lang='lat' dir='ltr'><strong>ea</strong></span> <span class='ocrx_word' id='word_1_12' title='bbox 1210 437 1354 476; x_wconf 89' lang='lat' dir='ltr'><strong>propter</strong></span> <span class='ocrx_word' id='word_1_13' title='bbox 1371 433 1431 466; x_wconf 93' lang='lat' dir='ltr'><strong>illo</strong></span> <span class='ocrx_word' id='word_1_14' title='bbox 1448 433 1486 466; x_wconf 91' lang='lat' dir='ltr'><strong>in</strong></span> <span class='ocrx_word' id='word_1_15' title='bbox 1504 443 1614 478; x_wconf 86' lang='lat' dir='ltr'><strong>regno</strong></span> <span class='ocrx_word' id='word_1_16' title='bbox 1632 438 1750 467; x_wconf 89' lang='lat' dir='ltr'><strong>aucto-</strong></span> 
     </span>
     <span class='ocr_line' id='line_1_3' title="bbox 368 487 1751 534; baseline 0.002 -13"><span class='ocrx_word' id='word_1_17' title='bbox 368 489 473 523; x_wconf 84' lang='lat' dir='ltr'><strong>ritate</strong></span> <span class='ocrx_word' id='word_1_18' title='bbox 491 489 657 534; x_wconf 85' lang='lat' dir='ltr'><strong>viguisse.</strong></span> <span class='ocrx_word' id='word_1_19' title='bbox 675 487 972 532; x_wconf 89' lang='lat' dir='ltr'><strong>Archiepiscopus</strong></span> <span class='ocrx_word' id='word_1_20' title='bbox 989 489 1143 533; x_wconf 90' lang='lat' dir='ltr'><strong>primum</strong></span> <span class='ocrx_word' id='word_1_21' title='bbox 1161 489 1403 523; x_wconf 90' lang='lat' dir='ltr'><strong>Dubliniensis</strong></span> <span class='ocrx_word' id='word_1_22' title='bbox 1422 490 1459 524; x_wconf 90' lang='lat' dir='ltr'><strong>in</strong></span> <span class='ocrx_word' id='word_1_23' title='bbox 1479 489 1663 531; x_wconf 85' lang='lat' dir='ltr'><strong>Hibernia,</strong></span> <span class='ocrx_word' id='word_1_24' title='bbox 1690 491 1751 524; x_wconf 91' lang='lat' dir='ltr'><strong>ubi</strong></span> 
     </span>
     <span class='ocr_line' id='line_1_4' title="bbox 368 545 1750 592; baseline 0.002 -13"><span class='ocrx_word' id='word_1_25' title='bbox 368 546 548 580; x_wconf 84' lang='lat' dir='ltr'><strong>ecclesiam</strong></span> <span class='ocrx_word' id='word_1_26' title='bbox 565 545 612 579; x_wconf 92' lang='lat' dir='ltr'><strong>D.</strong></span> <span class='ocrx_word' id='word_1_27' title='bbox 631 545 786 579; x_wconf 89' lang='lat' dir='ltr'><strong>Patricio</strong></span> <span class='ocrx_word' id='word_1_28' title='bbox 804 546 1013 585; x_wconf 83' lang='lat' dir='ltr'>construxit,</span> <span class='ocrx_word' id='word_1_29' title='bbox 1037 551 1079 579; x_wconf 92' lang='lat' dir='ltr'><strong>ut</strong></span> <span class='ocrx_word' id='word_1_30' title='bbox 1101 546 1233 580; x_wconf 89' lang='lat' dir='ltr'><strong>habent</strong></span> <span class='ocrx_word' id='word_1_31' title='bbox 1254 547 1397 580; x_wconf 89' lang='lat' dir='ltr'><strong>annales</strong></span> <span class='ocrx_word' id='word_1_32' title='bbox 1422 546 1628 587; x_wconf 84' lang='lat' dir='ltr'><strong>Hibernici3</strong></span> <span class='ocrx_word' id='word_1_33' title='bbox 1656 553 1750 592; x_wconf 92' lang='lat' dir='ltr'><strong>post-</strong></span> 
     </span>
     <span class='ocr_line' id='line_1_5' title="bbox 368 601 1751 647; baseline 0.001 -10"><span class='ocrx_word' id='word_1_34' title='bbox 368 614 409 636; x_wconf 89' lang='lat' dir='ltr'><strong>ea</strong></span> <span class='ocrx_word' id='word_1_35' title='bbox 425 614 446 636; x_wconf 91' lang='lat' dir='ltr'><strong>a</strong></span> <span class='ocrx_word' id='word_1_36' title='bbox 464 603 575 637; x_wconf 90' lang='lat' dir='ltr'><strong>Lucio</strong></span> <span class='ocrx_word' id='word_1_37' title='bbox 596 601 761 647; x_wconf 89' lang='lat' dir='ltr'><strong>pontifice</strong></span> <span class='ocrx_word' id='word_1_38' title='bbox 783 601 931 636; x_wconf 86' lang='lat' dir='ltr'>Velitris</span> <span class='ocrx_word' id='word_1_39' title='bbox 954 603 1141 636; x_wconf 87' lang='lat' dir='ltr'><strong>cardinalis</strong></span> <span class='ocrx_word' id='word_1_40' title='bbox 1164 607 1314 643; x_wconf 86' lang='lat' dir='ltr'><strong>creatur,</strong></span> <span class='ocrx_word' id='word_1_41' title='bbox 1338 608 1379 637; x_wconf 89' lang='lat' dir='ltr'><strong>ut</strong></span> <span class='ocrx_word' id='word_1_42' title='bbox 1401 602 1537 637; x_wconf 86' lang='lat' dir='ltr'><strong>Giraldi</strong></span> <span class='ocrx_word' id='word_1_43' title='bbox 1560 603 1751 639; x_wconf 91' lang='lat' dir='ltr'><strong>Cambren-</strong></span> 
     </span>
     <span class='ocr_line' id='line_1_6' title="bbox 367 658 1751 704; baseline 0.002 -11"><span class='ocrx_word' id='word_1_44' title='bbox 367 660 416 693; x_wconf 90' lang='lat' dir='ltr'><strong>sis</strong></span> <span class='ocrx_word' id='word_1_45' title='bbox 441 661 651 694; x_wconf 89' lang='lat' dir='ltr'><strong>auctoritate</strong></span> <span class='ocrx_word' id='word_1_46' title='bbox 676 660 814 704; x_wconf 83' lang='lat' dir='ltr'><strong>liquet3</strong></span> <span class='ocrx_word' id='word_1_47' title='bbox 846 658 1044 699; x_wconf 91' lang='lat' dir='ltr'><strong>Ciaconius,</strong></span> <span class='ocrx_word' id='word_1_48' title='bbox 1070 659 1291 703; x_wconf 85' lang='lat' dir='ltr'><strong>Onuphrius,</strong></span> <span class='ocrx_word' id='word_1_49' title='bbox 1321 664 1357 694; x_wconf 88' lang='lat' dir='ltr'><strong>et</strong></span> <span class='ocrx_word' id='word_1_50' title='bbox 1387 660 1447 694; x_wconf 89' lang='lat' dir='ltr'><strong>alii</strong></span> <span class='ocrx_word' id='word_1_51' title='bbox 1476 662 1611 695; x_wconf 91' lang='lat' dir='ltr'><strong>nullam</strong></span> <span class='ocrx_word' id='word_1_52' title='bbox 1640 661 1751 696; x_wconf 86' lang='lat' dir='ltr'><strong>fecere</strong></span> 
     </span>
     <span class='ocr_line' id='line_1_7' title="bbox 366 716 1751 762; baseline 0.002 -12"><span class='ocrx_word' id='word_1_53' title='bbox 366 717 581 751; x_wconf 87' lang='lat' dir='ltr'><strong>mentionem</strong></span> <span class='ocrx_word' id='word_1_54' title='bbox 598 716 687 762; x_wconf 87' lang='lat' dir='ltr'><strong>ejus.</strong></span> <span class='ocrx_word' id='word_1_55' title='bbox 738 716 887 761; x_wconf 84' lang='lat' dir='ltr'>Scripsit</span> <span class='ocrx_word' id='word_1_56' title='bbox 903 716 1048 751; x_wconf 88' lang='lat' dir='ltr'><strong>indubie</strong></span> <span class='ocrx_word' id='word_1_57' title='bbox 1064 717 1199 751; x_wconf 82' lang='lat' dir='ltr'><strong>multa:</strong></span> <span class='ocrx_word' id='word_1_58' title='bbox 1226 727 1291 762; x_wconf 86' lang='lat' dir='ltr'><strong>ego</strong></span> <span class='ocrx_word' id='word_1_59' title='bbox 1309 717 1394 757; x_wconf 87' lang='lat' dir='ltr'><strong>vidi,</strong></span> <span class='ocrx_word' id='word_1_60' title='bbox 1413 718 1451 751; x_wconf 92' lang='lat' dir='ltr'><strong>in</strong></span> <span class='ocrx_word' id='word_1_61' title='bbox 1468 718 1611 752; x_wconf 90' lang='lat' dir='ltr'><strong>laudata</strong></span> <span class='ocrx_word' id='word_1_62' title='bbox 1629 719 1751 753; x_wconf 90' lang='lat' dir='ltr'><strong>biblio-</strong></span> 
     </span>
     <span class='ocr_line' id='line_1_8' title="bbox 366 773 478 813; baseline 0 -6"><span class='ocrx_word' id='word_1_63' title='bbox 366 773 478 813; x_wconf 91' lang='lat' dir='ltr'><strong>theca,</strong></span> 
     </span>
    </p>

    <p class='ocr_par' dir='ltr' id='par_1_3' title="bbox 512 830 1407 875">
     <span class='ocr_line' id='line_1_9' title="bbox 512 830 1407 875; baseline 0 -11"><span class='ocrx_word' id='word_1_64' title='bbox 512 830 694 875; x_wconf 88' lang='lat' dir='ltr'><strong>Epistolas</strong></span> <span class='ocrx_word' id='word_1_65' title='bbox 713 832 757 865; x_wconf 88' lang='lat' dir='ltr'><strong>ad</strong></span> <span class='ocrx_word' id='word_1_66' title='bbox 775 830 963 865; x_wconf 88' lang='lat' dir='ltr'><strong>Pontifices</strong></span> <span class='ocrx_word' id='word_1_67' title='bbox 1301 830 1362 865; x_wconf 86' lang='lat' dir='ltr'><strong>lib.</strong></span> <span class='ocrx_word' id='word_1_68' title='bbox 1382 839 1407 864; x_wconf 93' lang='lat'><strong>1.</strong></span> 
     </span>
    </p>

    <p class='ocr_par' dir='ltr' id='par_1_4' title="bbox 511 887 1411 932">
     <span class='ocr_line' id='line_1_10' title="bbox 511 887 1411 932; baseline 0 -11"><span class='ocrx_word' id='word_1_69' title='bbox 511 887 693 932; x_wconf 80' lang='lat' dir='ltr'><strong>Epistulas</strong></span> <span class='ocrx_word' id='word_1_70' title='bbox 710 889 755 922; x_wconf 90' lang='lat' dir='ltr'><strong>ad</strong></span> <span class='ocrx_word' id='word_1_71' title='bbox 773 889 890 923; x_wconf 85' lang='lat' dir='ltr'><strong>varios</strong></span> <span class='ocrx_word' id='word_1_72' title='bbox 1304 888 1365 922; x_wconf 90' lang='lat' dir='ltr'><strong>lib.</strong></span> <span class='ocrx_word' id='word_1_73' title='bbox 1385 897 1411 921; x_wconf 87' lang='lat'><strong>1.</strong></span> 
     </span>
    </p>

    <p class='ocr_par' dir='ltr' id='par_1_5' title="bbox 366 944 1752 1265">
     <span class='ocr_line' id='line_1_11' title="bbox 415 944 1749 991; baseline 0.002 -12"><span class='ocrx_word' id='word_1_74' title='bbox 415 944 649 979; x_wconf 86' lang='lat' dir='ltr'><strong>Consecratus</strong></span> <span class='ocrx_word' id='word_1_75' title='bbox 672 946 711 980; x_wconf 93' lang='lat' dir='ltr'><strong>in</strong></span> <span class='ocrx_word' id='word_1_76' title='bbox 733 946 949 980; x_wconf 81' lang='lat' dir='ltr'><strong>sacerdotem</strong></span> <span class='ocrx_word' id='word_1_77' title='bbox 972 945 1119 981; x_wconf 88' lang='lat' dir='ltr'><strong>Velitris</strong></span> <span class='ocrx_word' id='word_1_78' title='bbox 1143 957 1165 979; x_wconf 90' lang='lat' dir='ltr'><strong>a</strong></span> <span class='ocrx_word' id='word_1_79' title='bbox 1188 945 1300 980; x_wconf 92' lang='lat' dir='ltr'><strong>Lucio</strong></span> <span class='ocrx_word' id='word_1_80' title='bbox 1318 944 1388 979; x_wconf 93' lang='grc' dir='ltr'><strong>ΙΙΙ.</strong></span> <span class='ocrx_word' id='word_1_81' title='bbox 1408 953 1499 980; x_wconf 84' lang='lat' dir='ltr'>XIII.</span> <span class='ocrx_word' id='word_1_82' title='bbox 1524 948 1587 981; x_wconf 90' lang='lat' dir='ltr'><strong>cal.</strong></span> <span class='ocrx_word' id='word_1_83' title='bbox 1613 947 1749 991; x_wconf 89' lang='lat' dir='ltr'><strong>Aprilis</strong></span> 
     </span>
     <span class='ocr_line' id='line_1_12' title="bbox 366 1002 1752 1049; baseline 0.002 -13"><span class='ocrx_word' id='word_1_84' title='bbox 366 1013 458 1036; x_wconf 88' lang='lat' dir='ltr'><strong>anno</strong></span> <span class='ocrx_word' id='word_1_85' title='bbox 478 1010 705 1036; x_wconf 77' lang='lat' dir='ltr'>MCLXXXII.</span> <span class='ocrx_word' id='word_1_86' title='bbox 732 1002 916 1037; x_wconf 89' lang='lat' dir='ltr'><strong>Hoveden.</strong></span> <span class='ocrx_word' id='word_1_87' title='bbox 941 1015 1022 1049; x_wconf 89' lang='lat' dir='ltr'>pag.</span> <span class='ocrx_word' id='word_1_88' title='bbox 1042 1012 1171 1037; x_wconf 77' lang='lat' dir='ltr'><strong>eccm.</strong></span> <span class='ocrx_word' id='word_1_89' title='bbox 1197 1003 1348 1037; x_wconf 88' lang='lat' dir='ltr'><strong>Creatus</strong></span> <span class='ocrx_word' id='word_1_90' title='bbox 1372 1007 1425 1037; x_wconf 89' lang='lat' dir='ltr'><strong>est</strong></span> <span class='ocrx_word' id='word_1_91' title='bbox 1449 1002 1485 1036; x_wconf 88' lang='lat' dir='ltr'><strong>S.</strong></span> <span class='ocrx_word' id='word_1_92' title='bbox 1505 1003 1550 1037; x_wconf 87' lang='lat' dir='ltr'><strong>R.</strong></span> <span class='ocrx_word' id='word_1_93' title='bbox 1569 1003 1615 1038; x_wconf 90' lang='lat' dir='ltr'><strong>E.</strong></span> <span class='ocrx_word' id='word_1_94' title='bbox 1642 1006 1752 1040; x_wconf 84' lang='lat' dir='ltr'><strong>cardi-</strong></span> 
     </span>
     <span class='ocr_line' id='line_1_13' title="bbox 367 1060 1751 1106; baseline 0.003 -13"><span class='ocrx_word' id='word_1_95' title='bbox 367 1060 456 1094; x_wconf 86' lang='lat' dir='ltr'><strong>nalis</strong></span> <span class='ocrx_word' id='word_1_96' title='bbox 496 1060 683 1104; x_wconf 88' lang='lat' dir='ltr'><strong>presbyter</strong></span> <span class='ocrx_word' id='word_1_97' title='bbox 720 1071 814 1094; x_wconf 89' lang='lat' dir='ltr'><strong>anno</strong></span> <span class='ocrx_word' id='word_1_98' title='bbox 848 1062 952 1094; x_wconf 89' lang='lat' dir='ltr'><strong>salut.</strong></span> <span class='ocrx_word' id='word_1_99' title='bbox 990 1069 1232 1094; x_wconf 82' lang='lat' dir='ltr'>MCLXXXIII.</span> <span class='ocrx_word' id='word_1_100' title='bbox 1268 1060 1313 1094; x_wconf 87' lang='lat' dir='ltr'><strong>ab</strong></span> <span class='ocrx_word' id='word_1_101' title='bbox 1348 1060 1492 1095; x_wconf 89' lang='lat' dir='ltr'><strong>ecclesia</strong></span> <span class='ocrx_word' id='word_1_102' title='bbox 1525 1072 1590 1096; x_wconf 90' lang='lat' dir='ltr'><strong>sua</strong></span> <span class='ocrx_word' id='word_1_103' title='bbox 1628 1064 1751 1106; x_wconf 87' lang='lat' dir='ltr'><strong>pulsus</strong></span> 
     </span>
     <span class='ocr_line' id='line_1_14' title="bbox 369 1116 1749 1163; baseline 0.002 -13"><span class='ocrx_word' id='word_1_104' title='bbox 369 1125 556 1151; x_wconf 81' lang='lat' dir='ltr'><strong>Mcxcvn.</strong></span> <span class='ocrx_word' id='word_1_105' title='bbox 588 1116 720 1163; x_wconf 89' lang='lat' dir='ltr'><strong>Roger.</strong></span> <span class='ocrx_word' id='word_1_106' title='bbox 749 1117 791 1151; x_wconf 91' lang='lat' dir='ltr'><strong>de</strong></span> <span class='ocrx_word' id='word_1_107' title='bbox 822 1117 995 1151; x_wconf 85' lang='lat' dir='ltr'><strong>Hoveden</strong></span> <span class='ocrx_word' id='word_1_108' title='bbox 1023 1117 1155 1152; x_wconf 89' lang='lat' dir='ltr'><strong>Annal.</strong></span> <span class='ocrx_word' id='word_1_109' title='bbox 1187 1122 1278 1161; x_wconf 86' lang='lat' dir='ltr'><strong>part.</strong></span> <span class='ocrx_word' id='word_1_110' title='bbox 1311 1126 1355 1152; x_wconf 90' lang='lat'><strong>11.</strong></span> <span class='ocrx_word' id='word_1_111' title='bbox 1384 1129 1465 1163; x_wconf 82' lang='lat' dir='ltr'><strong>pag.</strong></span> <span class='ocrx_word' id='word_1_112' title='bbox 1497 1127 1749 1153; x_wconf 81' lang='lat' dir='ltr'><strong>ccccxxxlx.</strong></span> 
     </span>
     <span class='ocr_line' id='line_1_15' title="bbox 367 1174 1750 1219; baseline 0.002 -12"><span class='ocrx_word' id='word_1_113' title='bbox 367 1174 467 1208; x_wconf 89' lang='lat' dir='ltr'><strong>Obiit</strong></span> <span class='ocrx_word' id='word_1_114' title='bbox 490 1185 547 1208; x_wconf 89' lang='lat' dir='ltr'><strong>an.</strong></span> <span class='ocrx_word' id='word_1_115' title='bbox 568 1183 729 1208; x_wconf 82' lang='lat' dir='ltr'><strong>Mccxn.</strong></span> <span class='ocrx_word' id='word_1_116' title='bbox 756 1175 915 1219; x_wconf 88' lang='lat' dir='ltr'><strong>sepultus</strong></span> <span class='ocrx_word' id='word_1_117' title='bbox 933 1174 1107 1209; x_wconf 89' lang='lat' dir='ltr'><strong>Dublinii.</strong></span> <span class='ocrx_word' id='word_1_118' title='bbox 1135 1175 1270 1209; x_wconf 89' lang='lat' dir='ltr'><strong>Putant</strong></span> <span class='ocrx_word' id='word_1_119' title='bbox 1292 1174 1462 1215; x_wconf 89' lang='lat' dir='ltr'><strong>Dublani,</strong></span> <span class='ocrx_word' id='word_1_120' title='bbox 1487 1187 1559 1211; x_wconf 90' lang='lat' dir='ltr'><strong>non</strong></span> <span class='ocrx_word' id='word_1_121' title='bbox 1576 1175 1750 1216; x_wconf 89' lang='lat' dir='ltr'><strong>Dublinii,</strong></span> 
     </span>
     <span class='ocr_line' id='line_1_16' title="bbox 367 1232 507 1265; baseline -0.007 0"><span class='ocrx_word' id='word_1_122' title='bbox 367 1232 507 1265; x_wconf 85' lang='lat' dir='ltr'><strong>sedisse.</strong></span> 
     </span>
    </p>
   </div>
   <div class='ocr_carea' id='block_1_3' title="bbox 738 1340 1374 1384">
    <p class='ocr_par' dir='ltr' id='par_1_6' title="bbox 738 1340 1374 1384">
     <span class='ocr_line' id='line_1_17' title="bbox 738 1340 1374 1384; baseline 0.003 -6"><span class='ocrx_word' id='word_1_123' title='bbox 738 1344 960 1379; x_wconf 89' lang='lat' dir='ltr'><strong>JACOBUS</strong></span> <span class='ocrx_word' id='word_1_124' title='bbox 987 1340 1238 1380; x_wconf 81' lang='lat' dir='ltr'><strong>CADANUS.</strong></span> <span class='ocrx_word' id='word_1_125' title='bbox 1291 1347 1374 1384; x_wconf 79' lang='lat'><strong>349.</strong></span> 
     </span>
    </p>
   </div>
   <div class='ocr_carea' id='block_1_4' title="bbox 364 1459 1754 1905">
    <p class='ocr_par' dir='ltr' id='par_1_7' title="bbox 364 1459 1754 1905">
     <span class='ocr_line' id='line_1_18' title="bbox 365 1459 1754 1504; baseline 0.001 -10"><span class='ocrx_word' id='word_1_126' title='bbox 365 1461 544 1495; x_wconf 85' lang='lat' dir='ltr'><strong>JACOBUS</strong></span> <span class='ocrx_word' id='word_1_127' title='bbox 571 1460 748 1501; x_wconf 82' lang='lat' dir='ltr'><strong>Gadanus,</strong></span> <span class='ocrx_word' id='word_1_128' title='bbox 778 1471 842 1494; x_wconf 87' lang='lat' dir='ltr'><strong>seu</strong></span> <span class='ocrx_word' id='word_1_129' title='bbox 869 1459 954 1500; x_wconf 92' lang='lat' dir='ltr'><strong>Kid,</strong></span> <span class='ocrx_word' id='word_1_130' title='bbox 979 1459 1137 1494; x_wconf 84' lang='lat' dir='ltr'><strong>honestis</strong></span> <span class='ocrx_word' id='word_1_131' title='bbox 1167 1459 1285 1494; x_wconf 89' lang='lat' dir='ltr'><strong>Alecti</strong></span> <span class='ocrx_word' id='word_1_132' title='bbox 1313 1464 1419 1494; x_wconf 88' lang='lat' dir='ltr'><strong>natus</strong></span> <span class='ocrx_word' id='word_1_133' title='bbox 1448 1460 1667 1504; x_wconf 84' lang='lat' dir='ltr'><strong>parentibus,</strong></span> <span class='ocrx_word' id='word_1_134' title='bbox 1699 1462 1754 1495; x_wconf 89' lang='lat' dir='ltr'><strong>vir</strong></span> 
     </span>
     <span class='ocr_line' id='line_1_19' title="bbox 364 1516 1753 1564; baseline 0 -12"><span class='ocrx_word' id='word_1_135' title='bbox 364 1518 587 1564; x_wconf 83' lang='lat' dir='ltr'><strong>prodigiosae</strong></span> <span class='ocrx_word' id='word_1_136' title='bbox 609 1517 812 1557; x_wconf 85' lang='lat' dir='ltr'><strong>memoriae,</strong></span> <span class='ocrx_word' id='word_1_137' title='bbox 836 1528 877 1551; x_wconf 91' lang='lat' dir='ltr'><strong>ac</strong></span> <span class='ocrx_word' id='word_1_138' title='bbox 898 1516 1058 1551; x_wconf 87' lang='lat' dir='ltr'><strong>infinitae</strong></span> <span class='ocrx_word' id='word_1_139' title='bbox 1080 1517 1382 1562; x_wconf 83' lang='lat' dir='ltr'><strong>inexhaustaeque</strong></span> <span class='ocrx_word' id='word_1_140' title='bbox 1405 1518 1574 1558; x_wconf 89' lang='lat' dir='ltr'><strong>lectionis,</strong></span> <span class='ocrx_word' id='word_1_141' title='bbox 1603 1522 1753 1562; x_wconf 87' lang='lat' dir='ltr'><strong>utraque</strong></span> 
     </span>
     <span class='ocr_line' id='line_1_20' title="bbox 364 1574 1751 1622; baseline 0 -13"><span class='ocrx_word' id='word_1_142' title='bbox 364 1575 489 1622; x_wconf 88' lang='lat' dir='ltr'><strong>lingua</strong></span> <span class='ocrx_word' id='word_1_143' title='bbox 505 1586 614 1619; x_wconf 90' lang='lat' dir='ltr'><strong>supra</strong></span> <span class='ocrx_word' id='word_1_144' title='bbox 630 1575 697 1608; x_wconf 92' lang='lat' dir='ltr'><strong>hoc</strong></span> <span class='ocrx_word' id='word_1_145' title='bbox 714 1575 871 1609; x_wconf 89' lang='lat' dir='ltr'><strong>seculum</strong></span> <span class='ocrx_word' id='word_1_146' title='bbox 889 1574 1073 1614; x_wconf 85' lang='lat' dir='ltr'><strong>facundus,</strong></span> <span class='ocrx_word' id='word_1_147' title='bbox 1096 1585 1177 1608; x_wconf 85' lang='lat' dir='ltr'><strong>rara</strong></span> <span class='ocrx_word' id='word_1_148' title='bbox 1199 1575 1332 1620; x_wconf 87' lang='lat' dir='ltr'><strong>ingenii</strong></span> <span class='ocrx_word' id='word_1_149' title='bbox 1356 1574 1524 1609; x_wconf 86' lang='lat' dir='ltr'><strong>felicitate</strong></span> <span class='ocrx_word' id='word_1_150' title='bbox 1542 1586 1605 1609; x_wconf 87' lang='lat' dir='ltr'><strong>nec</strong></span> <span class='ocrx_word' id='word_1_151' title='bbox 1623 1576 1751 1609; x_wconf 89' lang='lat' dir='ltr'><strong>minori</strong></span> 
     </span>
     <span class='ocr_line' id='line_1_21' title="bbox 365 1631 1752 1677; baseline -0.001 -11"><span class='ocrx_word' id='word_1_152' title='bbox 365 1635 529 1667; x_wconf 70' lang='lat' dir='ltr'><strong>Successu</strong></span> <span class='ocrx_word' id='word_1_153' title='bbox 541 1633 604 1677; x_wconf 90' lang='lat' dir='ltr'><strong>jus</strong></span> <span class='ocrx_word' id='word_1_154' title='bbox 622 1631 759 1676; x_wconf 92' lang='lat' dir='ltr'><strong>publice</strong></span> <span class='ocrx_word' id='word_1_155' title='bbox 778 1631 928 1665; x_wconf 87' lang='lat' dir='ltr'><strong>Tolosae</strong></span> <span class='ocrx_word' id='word_1_156' title='bbox 946 1631 1136 1675; x_wconf 88' lang='lat' dir='ltr'><strong>professus,</strong></span> <span class='ocrx_word' id='word_1_157' title='bbox 1160 1643 1240 1666; x_wconf 92' lang='lat' dir='ltr'><strong>cum</strong></span> <span class='ocrx_word' id='word_1_158' title='bbox 1263 1632 1463 1666; x_wconf 81' lang='lat' dir='ltr'><strong>adolescens</strong></span> <span class='ocrx_word' id='word_1_159' title='bbox 1487 1632 1652 1666; x_wconf 84' lang='lat' dir='ltr'><strong>Lutetiae</strong></span> <span class='ocrx_word' id='word_1_160' title='bbox 1676 1633 1752 1676; x_wconf 91' lang='lat' dir='ltr'><strong>phi-</strong></span> 
     </span>
     <span class='ocr_line' id='line_1_22' title="bbox 365 1688 1752 1734; baseline -0.001 -11"><span class='ocrx_word' id='word_1_161' title='bbox 365 1690 562 1733; x_wconf 90' lang='lat' dir='ltr'><strong>losophiam</strong></span> <span class='ocrx_word' id='word_1_162' title='bbox 580 1694 615 1723; x_wconf 93' lang='lat' dir='ltr'><strong>et</strong></span> <span class='ocrx_word' id='word_1_163' title='bbox 632 1689 753 1722; x_wconf 85' lang='lat' dir='ltr'><strong>literas</strong></span> <span class='ocrx_word' id='word_1_164' title='bbox 771 1688 998 1722; x_wconf 90' lang='lat' dir='ltr'><strong>humaniores</strong></span> <span class='ocrx_word' id='word_1_165' title='bbox 1017 1688 1204 1728; x_wconf 88' lang='lat' dir='ltr'><strong>docuisset,</strong></span> <span class='ocrx_word' id='word_1_166' title='bbox 1222 1689 1414 1734; x_wconf 88' lang='lat' dir='ltr'><strong>ingentem,</strong></span> <span class='ocrx_word' id='word_1_167' title='bbox 1433 1693 1468 1723; x_wconf 87' lang='lat' dir='ltr'><strong>et</strong></span> <span class='ocrx_word' id='word_1_168' title='bbox 1481 1689 1620 1734; x_wconf 86' lang='lat' dir='ltr'><strong>magnis</strong></span> <span class='ocrx_word' id='word_1_169' title='bbox 1635 1700 1752 1732; x_wconf 89' lang='lat' dir='ltr'><strong>sump-</strong></span> 
     </span>
     <span class='ocr_line' id='line_1_23' title="bbox 366 1732 1749 1789; baseline -0.001 -9"><span class='ocrx_word' id='word_1_170' title='bbox 366 1746 472 1786; x_wconf 88' lang='lat' dir='ltr'><strong>tibus,</strong></span> <span class='ocrx_word' id='word_1_171' title='bbox 492 1757 555 1780; x_wconf 91' lang='lat' dir='ltr'><strong>nec</strong></span> <span class='ocrx_word' id='word_1_172' title='bbox 576 1732 706 1779; x_wconf 75' lang='lat' dir='ltr'><strong>minori</strong></span> <span class='ocrx_word' id='word_1_173' title='bbox 726 1745 862 1789; x_wconf 91' lang='lat' dir='ltr'><strong>judicio</strong></span> <span class='ocrx_word' id='word_1_174' title='bbox 886 1748 1135 1788; x_wconf 90' lang='lat' dir='ltr'><strong>comparatam,</strong></span> <span class='ocrx_word' id='word_1_175' title='bbox 1159 1744 1405 1779; x_wconf 85' lang='lat' dir='ltr'><strong>bibliothecam</strong></span> <span class='ocrx_word' id='word_1_176' title='bbox 1423 1745 1577 1779; x_wconf 88' lang='lat' dir='ltr'><strong>moriens</strong></span> <span class='ocrx_word' id='word_1_177' title='bbox 1596 1745 1749 1785; x_wconf 77' lang='lat' dir='ltr'><strong>dimisit3</strong></span> 
     </span>
     <span class='ocr_line' id='line_1_24' title="bbox 365 1800 1750 1847; baseline -0.002 -9"><span class='ocrx_word' id='word_1_178' title='bbox 365 1814 481 1838; x_wconf 87' lang='lat' dir='ltr'><strong>sacros</strong></span> <span class='ocrx_word' id='word_1_179' title='bbox 511 1803 645 1837; x_wconf 90' lang='lat' dir='ltr'><strong>codices</strong></span> <span class='ocrx_word' id='word_1_180' title='bbox 671 1801 842 1835; x_wconf 86' lang='lat' dir='ltr'><strong>fratribus</strong></span> <span class='ocrx_word' id='word_1_181' title='bbox 868 1800 1155 1847; x_wconf 85' lang='lat' dir='ltr'><strong>Augustinianis‚</strong></span> <span class='ocrx_word' id='word_1_182' title='bbox 1177 1802 1348 1846; x_wconf 90' lang='lat' dir='ltr'><strong>juridicos</strong></span> <span class='ocrx_word' id='word_1_183' title='bbox 1379 1801 1425 1835; x_wconf 89' lang='lat' dir='ltr'><strong>D.</strong></span> <span class='ocrx_word' id='word_1_184' title='bbox 1455 1801 1670 1841; x_wconf 87' lang='lat' dir='ltr'><strong>Tarrabello,</strong></span> <span class='ocrx_word' id='word_1_185' title='bbox 1699 1813 1750 1835; x_wconf 86' lang='lat' dir='ltr'><strong>re-</strong></span> 
     </span>
     <span class='ocr_line' id='line_1_25' title="bbox 366 1857 1588 1905; baseline -0.002 -11"><span class='ocrx_word' id='word_1_186' title='bbox 366 1861 481 1905; x_wconf 91' lang='lat' dir='ltr'><strong>liquos</strong></span> <span class='ocrx_word' id='word_1_187' title='bbox 498 1860 545 1894; x_wconf 89' lang='lat' dir='ltr'><strong>D.</strong></span> <span class='ocrx_word' id='word_1_188' title='bbox 565 1860 678 1893; x_wconf 89' lang='lat' dir='ltr'><strong>Reido</strong></span> <span class='ocrx_word' id='word_1_189' title='bbox 696 1859 766 1892; x_wconf 91' lang='lat' dir='ltr'><strong>civi</strong></span> <span class='ocrx_word' id='word_1_190' title='bbox 785 1870 859 1899; x_wconf 86' lang='lat' dir='ltr'><strong>suo,</strong></span> <span class='ocrx_word' id='word_1_191' title='bbox 878 1863 1089 1894; x_wconf 83' lang='lat' dir='ltr'><strong>testamento</strong></span> <span class='ocrx_word' id='word_1_192' title='bbox 1106 1858 1320 1903; x_wconf 84' lang='lat' dir='ltr'><strong>relinquens.</strong></span> <span class='ocrx_word' id='word_1_193' title='bbox 1369 1857 1461 1903; x_wconf 89' lang='lat' dir='ltr'><strong>Ejus</strong></span> <span class='ocrx_word' id='word_1_194' title='bbox 1480 1862 1563 1892; x_wconf 85' lang='lat' dir='ltr'><strong>sunt</strong></span> <span class='ocrx_word' id='word_1_195' title='bbox 1579 1868 1588 1891; x_wconf 88' lang='lat'>:</span> 
     </span>
    </p>
   </div>
   <div class='ocr_carea' id='block_1_5' title="bbox 511 1915 1407 2075">
    <p class='ocr_par' dir='ltr' id='par_1_8' title="bbox 511 1915 1407 2075">
     <span class='ocr_line' id='line_1_26' title="bbox 511 1915 1407 1951; baseline -0.003 0"><span class='ocrx_word' id='word_1_196' title='bbox 511 1917 555 1951; x_wconf 93' lang='lat' dir='ltr'><strong>In</strong></span> <span class='ocrx_word' id='word_1_197' title='bbox 571 1916 595 1950; x_wconf 90' lang='lat' dir='ltr'>J</span> <span class='ocrx_word' id='word_1_198' title='bbox 597 1928 660 1950; x_wconf 92' lang='lat' dir='ltr'><strong>ure</strong></span> <span class='ocrx_word' id='word_1_199' title='bbox 678 1916 785 1950; x_wconf 90' lang='lat' dir='ltr'><strong>Civili</strong></span> <span class='ocrx_word' id='word_1_200' title='bbox 803 1917 971 1949; x_wconf 89' lang='lat' dir='ltr'><strong>nonnulla</strong></span> <span class='ocrx_word' id='word_1_201' title='bbox 1301 1915 1361 1949; x_wconf 92' lang='lat' dir='ltr'><strong>lib.</strong></span> <span class='ocrx_word' id='word_1_202' title='bbox 1382 1924 1407 1948; x_wconf 90' lang='lat'><strong>1.</strong></span> 
     </span>
     <span class='ocr_line' id='line_1_27' title="bbox 514 1969 1407 2008; baseline -0.004 0"><span class='ocrx_word' id='word_1_203' title='bbox 514 1974 683 2008; x_wconf 91' lang='lat' dir='ltr'><strong>Poemata</strong></span> <span class='ocrx_word' id='word_1_204' title='bbox 700 1974 799 2008; x_wconf 89' lang='lat' dir='ltr'><strong>varia</strong></span> <span class='ocrx_word' id='word_1_205' title='bbox 822 1969 825 1972; x_wconf 60' lang='grc'>’</span> <span class='ocrx_word' id='word_1_206' title='bbox 1301 1971 1361 2005; x_wconf 88' lang='lat' dir='ltr'><strong>lib.</strong></span> <span class='ocrx_word' id='word_1_207' title='bbox 1383 1981 1407 2005; x_wconf 82' lang='lat'><strong>1.</strong></span> 
     </span>
     <span class='ocr_line' id='line_1_28' title="bbox 511 2029 1407 2075; baseline -0.002 -10"><span class='ocrx_word' id='word_1_208' title='bbox 511 2030 696 2075; x_wconf 84' lang='lat' dir='ltr'><strong>Epistolae</strong></span> <span class='ocrx_word' id='word_1_209' title='bbox 1303 2029 1362 2064; x_wconf 92' lang='lat' dir='ltr'><strong>lib.</strong></span> <span class='ocrx_word' id='word_1_210' title='bbox 1383 2038 1407 2062; x_wconf 92' lang='lat'><strong>1.</strong></span> 
     </span>
    </p>
   </div>
   <div class='ocr_carea' id='block_1_6' title="bbox 414 2087 979 2123">
    <p class='ocr_par' dir='ltr' id='par_1_9' title="bbox 414 2087 979 2123">
     <span class='ocr_line' id='line_1_29' title="bbox 414 2087 979 2123; baseline -0.004 0"><span class='ocrx_word' id='word_1_211' title='bbox 414 2089 514 2123; x_wconf 91' lang='lat' dir='ltr'><strong>Obiit</strong></span> <span class='ocrx_word' id='word_1_212' title='bbox 532 2087 682 2123; x_wconf 88' lang='lat' dir='ltr'><strong>Tolosae</strong></span> <span class='ocrx_word' id='word_1_213' title='bbox 701 2099 793 2123; x_wconf 91' lang='lat' dir='ltr'><strong>anno</strong></span> <span class='ocrx_word' id='word_1_214' title='bbox 815 2096 979 2122; x_wconf 84' lang='lat' dir='ltr'><strong>MDcxn.</strong></span> 
     </span>
    </p>
   </div>
   <div class='ocr_carea' id='block_1_7' title="bbox 698 2201 1406 2237">
    <p class='ocr_par' dir='ltr' id='par_1_10' title="bbox 698 2201 1406 2237">
     <span class='ocr_line' id='line_1_30' title="bbox 698 2201 1406 2237; baseline -0.001 0"><span class='ocrx_word' id='word_1_215' title='bbox 698 2202 722 2236; x_wconf 90' lang='lat' dir='ltr'>J</span> <span class='ocrx_word' id='word_1_216' title='bbox 723 2202 921 2237; x_wconf 88' lang='lat' dir='ltr'>ACOBUS</span> <span class='ocrx_word' id='word_1_217' title='bbox 947 2201 1268 2236; x_wconf 89' lang='lat' dir='ltr'><strong>CHEYNAEUS.</strong></span> <span class='ocrx_word' id='word_1_218' title='bbox 1322 2204 1406 2236; x_wconf 85' lang='lat'><strong>350.</strong></span> 
     </span>
    </p>
   </div>
   <div class='ocr_carea' id='block_1_8' title="bbox 364 2315 1748 2476">
    <p class='ocr_par' dir='ltr' id='par_1_11' title="bbox 364 2315 1748 2476">
     <span class='ocr_line' id='line_1_31' title="bbox 364 2315 1745 2362; baseline -0.001 -11"><span class='ocrx_word' id='word_1_219' title='bbox 364 2318 543 2352; x_wconf 82' lang='lat' dir='ltr'><strong>JACOBUS</strong></span> <span class='ocrx_word' id='word_1_220' title='bbox 578 2317 798 2362; x_wconf 89' lang='lat' dir='ltr'><strong>Cheynaeus,</strong></span> <span class='ocrx_word' id='word_1_221' title='bbox 832 2316 942 2351; x_wconf 91' lang='lat' dir='ltr'><strong>nobili</strong></span> <span class='ocrx_word' id='word_1_222' title='bbox 976 2316 1112 2351; x_wconf 89' lang='lat' dir='ltr'><strong>familia</strong></span> <span class='ocrx_word' id='word_1_223' title='bbox 1149 2315 1321 2362; x_wconf 86' lang='lat' dir='ltr'><strong>Arnagia,</strong></span> <span class='ocrx_word' id='word_1_224' title='bbox 1356 2327 1465 2361; x_wconf 91' lang='lat' dir='ltr'><strong>prope</strong></span> <span class='ocrx_word' id='word_1_225' title='bbox 1495 2315 1745 2356; x_wconf 84' lang='lat' dir='ltr'><strong>Aberdoniam‚</strong></span> 
     </span>
     <span class='ocr_line' id='line_1_32' title="bbox 366 2373 1747 2418; baseline -0.001 -10"><span class='ocrx_word' id='word_1_226' title='bbox 366 2375 549 2415; x_wconf 88' lang='lat' dir='ltr'><strong>oriundus,</strong></span> <span class='ocrx_word' id='word_1_227' title='bbox 581 2374 729 2408; x_wconf 88' lang='lat' dir='ltr'><strong>Parisiis</strong></span> <span class='ocrx_word' id='word_1_228' title='bbox 759 2375 879 2409; x_wconf 90' lang='lat' dir='ltr'><strong>docuit</strong></span> <span class='ocrx_word' id='word_1_229' title='bbox 909 2374 945 2408; x_wconf 89' lang='lat' dir='ltr'><strong>in</strong></span> <span class='ocrx_word' id='word_1_230' title='bbox 978 2373 1194 2413; x_wconf 87' lang='lat' dir='ltr'><strong>Barbarano,</strong></span> <span class='ocrx_word' id='word_1_231' title='bbox 1226 2378 1326 2408; x_wconf 85' lang='lat' dir='ltr'><strong>tanto</strong></span> <span class='ocrx_word' id='word_1_232' title='bbox 1355 2375 1528 2418; x_wconf 90' lang='lat' dir='ltr'><strong>applausu</strong></span> <span class='ocrx_word' id='word_1_233' title='bbox 1555 2378 1595 2408; x_wconf 92' lang='lat' dir='ltr'><strong>ut</strong></span> <span class='ocrx_word' id='word_1_234' title='bbox 1623 2374 1747 2408; x_wconf 91' lang='lat' dir='ltr'><strong>unicus</strong></span> 
     </span>
     <span class='ocr_line' id='line_1_33' title="bbox 366 2430 1748 2476; baseline -0.001 -10"><span class='ocrx_word' id='word_1_235' title='bbox 366 2431 554 2466; x_wconf 83' lang='lat' dir='ltr'><strong>haberetur</strong></span> <span class='ocrx_word' id='word_1_236' title='bbox 579 2432 641 2476; x_wconf 90' lang='lat' dir='ltr'><strong>qui</strong></span> <span class='ocrx_word' id='word_1_237' title='bbox 673 2432 767 2466; x_wconf 87' lang='lat' dir='ltr'><strong>inter</strong></span> <span class='ocrx_word' id='word_1_238' title='bbox 798 2432 968 2465; x_wconf 90' lang='lat' dir='ltr'><strong>seculares</strong></span> <span class='ocrx_word' id='word_1_239' title='bbox 995 2431 1181 2472; x_wconf 84' lang='lat' dir='ltr'><strong>societatis,</strong></span> <span class='ocrx_word' id='word_1_240' title='bbox 1207 2432 1368 2476; x_wconf 88' lang='lat' dir='ltr'><strong>patribus</strong></span> <span class='ocrx_word' id='word_1_241' title='bbox 1400 2436 1477 2466; x_wconf 87' lang='lat' dir='ltr'><strong>tum</strong></span> <span class='ocrx_word' id='word_1_242' title='bbox 1507 2432 1660 2466; x_wconf 84' lang='lat' dir='ltr'><strong>maxime</strong></span> <span class='ocrx_word' id='word_1_243' title='bbox 1687 2430 1748 2465; x_wconf 85' lang='lat' dir='ltr'><strong>flo-</strong></span> 
     </span>
    </p>
   </div>
  </div>
 </body>
</html>
