<?xml version="1.0" encoding="UTF-8"?>
<!DOCTYPE html PUBLIC "-//W3C//DTD XHTML 1.0 Transitional//EN"
    "http://www.w3.org/TR/xhtml1/DTD/xhtml1-transitional.dtd">
<html xmlns="http://www.w3.org/1999/xhtml" xml:lang="en" lang="en">
 <head>
  <title>
</title>
<meta http-equiv="Content-Type" content="text/html;charset=utf-8" />
  <meta name='ocr-system' content='tesseract 3.04.00' />
  <meta name='ocr-capabilities' content='ocr_page ocr_carea ocr_par ocr_line ocrx_word'/>
</head>
<body>
  <div class='ocr_page' id='page_1' title='image "./thomaedempste2101dempuoft_0220.png"; bbox 0 0 2032 2912; ppageno 0'>
   <div class='ocr_carea' id='block_1_1' title="bbox 296 291 1306 330">
    <p class='ocr_par' dir='ltr' id='par_1_1' title="bbox 296 291 1306 330">
     <span class='ocr_line' id='line_1_1' title="bbox 296 291 1306 330; baseline -0.008 0"><span class='ocrx_word' id='word_1_1' title='bbox 296 300 360 330; x_wconf 83' lang='lat'>158</span> <span class='ocrx_word' id='word_1_2' title='bbox 675 293 908 327; x_wconf 87' lang='lat' dir='ltr'>HISTORIA</span> <span class='ocrx_word' id='word_1_3' title='bbox 932 291 1306 324; x_wconf 84' lang='lat' dir='ltr'><strong>ECCLESIASTICA</strong></span> 
     </span>
    </p>
   </div>
   <div class='ocr_carea' id='block_1_2' title="bbox 347 385 1560 490">
    <p class='ocr_par' dir='ltr' id='par_1_2' title="bbox 347 385 1560 490">
     <span class='ocr_line' id='line_1_2' title="bbox 443 385 1560 431; baseline -0.005 -6"><span class='ocrx_word' id='word_1_4' title='bbox 443 391 502 425; x_wconf 91' lang='lat' dir='ltr'>Ad</span> <span class='ocrx_word' id='word_1_5' title='bbox 521 391 665 424; x_wconf 90' lang='lat' dir='ltr'>Clerum</span> <span class='ocrx_word' id='word_1_6' title='bbox 682 388 860 422; x_wconf 88' lang='lat' dir='ltr'>Scoticum</span> <span class='ocrx_word' id='word_1_7' title='bbox 878 398 985 431; x_wconf 88' lang='lat' dir='ltr'>super</span> <span class='ocrx_word' id='word_1_8' title='bbox 1002 385 1182 420; x_wconf 87' lang='lat' dir='ltr'>Ecclesiae</span> <span class='ocrx_word' id='word_1_9' title='bbox 1201 385 1354 420; x_wconf 86' lang='lat' dir='ltr'>Statutis</span> <span class='ocrx_word' id='word_1_10' title='bbox 1454 386 1515 420; x_wconf 90' lang='lat' dir='ltr'>lib.</span> <span class='ocrx_word' id='word_1_11' title='bbox 1536 396 1560 420; x_wconf 88' lang='lat' dir='ltr'>I.</span> 
     </span>
     <span class='ocr_line' id='line_1_3' title="bbox 347 443 1496 490; baseline -0.004 -7"><span class='ocrx_word' id='word_1_12' title='bbox 347 450 487 483; x_wconf 91' lang='lat' dir='ltr'>Floruit</span> <span class='ocrx_word' id='word_1_13' title='bbox 504 458 597 481; x_wconf 88' lang='lat' dir='ltr'>anno</span> <span class='ocrx_word' id='word_1_14' title='bbox 615 454 723 480; x_wconf 79' lang='lat' dir='ltr'>DCV1.</span> <span class='ocrx_word' id='word_1_15' title='bbox 744 446 861 479; x_wconf 88' lang='lat' dir='ltr'>seculo</span> <span class='ocrx_word' id='word_1_16' title='bbox 878 444 940 479; x_wconf 92' lang='lat' dir='ltr'>SS.</span> <span class='ocrx_word' id='word_1_17' title='bbox 958 445 1053 490; x_wconf 85' lang='lat' dir='ltr'>apud</span> <span class='ocrx_word' id='word_1_18' title='bbox 1071 449 1246 479; x_wconf 82' lang='lat' dir='ltr'>nostrates</span> <span class='ocrx_word' id='word_1_19' title='bbox 1265 443 1496 478; x_wconf 85' lang='lat' dir='ltr'>feracissimo.</span> 
     </span>
    </p>
   </div>
   <div class='ocr_carea' id='block_1_3' title="bbox 714 559 1275 595">
    <p class='ocr_par' dir='ltr' id='par_1_3' title="bbox 714 559 1275 595">
     <span class='ocr_line' id='line_1_4' title="bbox 714 559 1275 595; baseline 0 -1"><span class='ocrx_word' id='word_1_20' title='bbox 714 560 749 595; x_wconf 87' lang='lat' dir='ltr'>S.</span> <span class='ocrx_word' id='word_1_21' title='bbox 777 560 1138 595; x_wconf 89' lang='lat' dir='ltr'><strong>COLUMBANUS.</strong></span> <span class='ocrx_word' id='word_1_22' title='bbox 1192 559 1275 594; x_wconf 74' lang='lat'>264.</span> 
     </span>
    </p>
   </div>
   <div class='ocr_carea' id='block_1_4' title="bbox 298 676 1698 1187">
    <p class='ocr_par' dir='ltr' id='par_1_4' title="bbox 298 676 1697 1069">
     <span class='ocr_line' id='line_1_5' title="bbox 298 676 1695 723; baseline 0.001 -12"><span class='ocrx_word' id='word_1_23' title='bbox 298 678 332 711; x_wconf 89' lang='lat' dir='ltr'>S.</span> <span class='ocrx_word' id='word_1_24' title='bbox 352 678 638 712; x_wconf 82' lang='lat' dir='ltr'>COLUMBANUS</span> <span class='ocrx_word' id='word_1_25' title='bbox 652 677 846 712; x_wconf 86' lang='lat' dir='ltr'>monachus</span> <span class='ocrx_word' id='word_1_26' title='bbox 859 677 1124 717; x_wconf 88' lang='lat' dir='ltr'>Benedictinus,</span> <span class='ocrx_word' id='word_1_27' title='bbox 1143 677 1234 711; x_wconf 87' lang='lat' dir='ltr'>alius</span> <span class='ocrx_word' id='word_1_28' title='bbox 1253 688 1274 710; x_wconf 88' lang='lat' dir='ltr'>a</span> <span class='ocrx_word' id='word_1_29' title='bbox 1293 676 1462 711; x_wconf 91' lang='lat' dir='ltr'>Bobiensi</span> <span class='ocrx_word' id='word_1_30' title='bbox 1477 682 1513 711; x_wconf 89' lang='lat' dir='ltr'>et</span> <span class='ocrx_word' id='word_1_31' title='bbox 1531 678 1695 723; x_wconf 89' lang='lat' dir='ltr'>episcopo</span> 
     </span>
     <span class='ocr_line' id='line_1_6' title="bbox 302 734 1697 782; baseline 0.001 -13"><span class='ocrx_word' id='word_1_32' title='bbox 302 734 462 781; x_wconf 89' lang='lat' dir='ltr'>[eodem]</span> <span class='ocrx_word' id='word_1_33' title='bbox 483 735 704 782; x_wconf 89' lang='lat' dir='ltr'>cognomine,</span> <span class='ocrx_word' id='word_1_34' title='bbox 728 735 771 768; x_wconf 92' lang='lat' dir='ltr'>de</span> <span class='ocrx_word' id='word_1_35' title='bbox 789 735 918 780; x_wconf 90' lang='lat' dir='ltr'>quibus</span> <span class='ocrx_word' id='word_1_36' title='bbox 936 746 1055 779; x_wconf 86' lang='lat' dir='ltr'>supra,</span> <span class='ocrx_word' id='word_1_37' title='bbox 1074 735 1218 780; x_wconf 84' lang='lat' dir='ltr'>egregia</span> <span class='ocrx_word' id='word_1_38' title='bbox 1237 738 1258 753; x_wconf 91' lang='lat'><strong>“</strong></span> <span class='ocrx_word' id='word_1_39' title='bbox 1276 734 1475 768; x_wconf 82' lang='lat' dir='ltr'>sanctitatis</span> <span class='ocrx_word' id='word_1_40' title='bbox 1494 746 1578 770; x_wconf 87' lang='lat' dir='ltr'>suae</span> <span class='ocrx_word' id='word_1_41' title='bbox 1597 738 1697 770; x_wconf 86' lang='lat' dir='ltr'>testi-</span> 
     </span>
     <span class='ocr_line' id='line_1_7' title="bbox 299 791 1695 840; baseline 0.001 -13"><span class='ocrx_word' id='word_1_42' title='bbox 299 793 419 827; x_wconf 89' lang='lat' dir='ltr'>monia</span> <span class='ocrx_word' id='word_1_43' title='bbox 436 793 588 837; x_wconf 88' lang='lat' dir='ltr'>posteris</span> <span class='ocrx_word' id='word_1_44' title='bbox 606 793 783 838; x_wconf 88' lang='lat' dir='ltr'>reliquit,”</span> <span class='ocrx_word' id='word_1_45' title='bbox 810 793 861 827; x_wconf 84' lang='lat' dir='ltr'>ait</span> <span class='ocrx_word' id='word_1_46' title='bbox 878 792 1029 826; x_wconf 91' lang='lat' dir='ltr'>Arnold.</span> <span class='ocrx_word' id='word_1_47' title='bbox 1058 791 1179 825; x_wconf 90' lang='lat' dir='ltr'>Uvion</span> <span class='ocrx_word' id='word_1_48' title='bbox 1206 792 1267 825; x_wconf 91' lang='lat' dir='ltr'>lib.</span> <span class='ocrx_word' id='word_1_49' title='bbox 1288 800 1348 825; x_wconf 93' lang='lat'>111.</span> <span class='ocrx_word' id='word_1_50' title='bbox 1376 791 1483 838; x_wconf 88' lang='lat' dir='ltr'>Lign.</span> <span class='ocrx_word' id='word_1_51' title='bbox 1510 792 1586 828; x_wconf 88' lang='lat' dir='ltr'>Vit.</span> <span class='ocrx_word' id='word_1_52' title='bbox 1614 806 1695 840; x_wconf 88' lang='lat' dir='ltr'>pag.</span> 
     </span>
     <span class='ocr_line' id='line_1_8' title="bbox 298 848 1696 891; baseline 0.001 -6"><span class='ocrx_word' id='word_1_53' title='bbox 298 860 492 885; x_wconf 84' lang='lat' dir='ltr'>ccceX111.</span> <span class='ocrx_word' id='word_1_54' title='bbox 511 862 555 888; x_wconf 85' lang='lat' dir='ltr'>ex</span> <span class='ocrx_word' id='word_1_55' title='bbox 572 850 629 884; x_wconf 85' lang='lat' dir='ltr'>Jo.</span> <span class='ocrx_word' id='word_1_56' title='bbox 648 850 796 884; x_wconf 85' lang='lat' dir='ltr'>Leslaeo</span> <span class='ocrx_word' id='word_1_57' title='bbox 814 850 874 884; x_wconf 90' lang='lat' dir='ltr'>lib.</span> <span class='ocrx_word' id='word_1_58' title='bbox 896 859 949 883; x_wconf 88' lang='lat' dir='ltr'>1v.</span> <span class='ocrx_word' id='word_1_59' title='bbox 979 850 1076 883; x_wconf 89' lang='lat' dir='ltr'>Hist.</span> <span class='ocrx_word' id='word_1_60' title='bbox 1095 849 1188 883; x_wconf 90' lang='lat' dir='ltr'>Scot.</span> <span class='ocrx_word' id='word_1_61' title='bbox 1215 848 1284 883; x_wconf 88' lang='lat' dir='ltr'>Sed</span> <span class='ocrx_word' id='word_1_62' title='bbox 1309 860 1433 883; x_wconf 89' lang='lat' dir='ltr'>vereor</span> <span class='ocrx_word' id='word_1_63' title='bbox 1458 861 1502 883; x_wconf 86' lang='lat' dir='ltr'>ne</span> <span class='ocrx_word' id='word_1_64' title='bbox 1528 857 1633 891; x_wconf 84' lang='lat' dir='ltr'>erret,</span> <span class='ocrx_word' id='word_1_65' title='bbox 1661 857 1696 886; x_wconf 92' lang='lat' dir='ltr'>et</span> 
     </span>
     <span class='ocr_line' id='line_1_9' title="bbox 298 907 1696 951; baseline 0.001 -9"><span class='ocrx_word' id='word_1_66' title='bbox 298 920 378 943; x_wconf 90' lang='lat' dir='ltr'>eum</span> <span class='ocrx_word' id='word_1_67' title='bbox 404 908 619 942; x_wconf 88' lang='lat' dir='ltr'>monachum</span> <span class='ocrx_word' id='word_1_68' title='bbox 640 907 914 942; x_wconf 88' lang='lat' dir='ltr'>Benedictinum</span> <span class='ocrx_word' id='word_1_69' title='bbox 943 907 1062 947; x_wconf 86' lang='lat' dir='ltr'>faciat,</span> <span class='ocrx_word' id='word_1_70' title='bbox 1093 907 1155 951; x_wconf 91' lang='lat' dir='ltr'>qui</span> <span class='ocrx_word' id='word_1_71' title='bbox 1181 907 1259 940; x_wconf 89' lang='lat' dir='ltr'>aliis</span> <span class='ocrx_word' id='word_1_72' title='bbox 1286 907 1482 951; x_wconf 85' lang='lat' dir='ltr'>episcopus,</span> <span class='ocrx_word' id='word_1_73' title='bbox 1510 919 1551 941; x_wconf 90' lang='lat' dir='ltr'>eo</span> <span class='ocrx_word' id='word_1_74' title='bbox 1578 910 1696 943; x_wconf 91' lang='lat' dir='ltr'>seculo</span> 
     </span>
     <span class='ocr_line' id='line_1_10' title="bbox 298 964 1695 1012; baseline 0.001 -12"><span class='ocrx_word' id='word_1_75' title='bbox 298 977 369 1010; x_wconf 90' lang='lat' dir='ltr'>quo</span> <span class='ocrx_word' id='word_1_76' title='bbox 386 966 476 1000; x_wconf 84' lang='lat' dir='ltr'>acris</span> <span class='ocrx_word' id='word_1_77' title='bbox 494 966 531 1000; x_wconf 92' lang='lat' dir='ltr'>in</span> <span class='ocrx_word' id='word_1_78' title='bbox 550 964 669 1000; x_wconf 85' lang='lat' dir='ltr'>Scotia</span> <span class='ocrx_word' id='word_1_79' title='bbox 686 966 891 1012; x_wconf 85' lang='lat' dir='ltr'>agitabatur</span> <span class='ocrx_word' id='word_1_80' title='bbox 912 965 955 998; x_wconf 92' lang='lat' dir='ltr'>de</span> <span class='ocrx_word' id='word_1_81' title='bbox 977 964 1163 998; x_wconf 88' lang='lat' dir='ltr'>Paschatis</span> <span class='ocrx_word' id='word_1_82' title='bbox 1182 964 1416 998; x_wconf 79' lang='lat' dir='ltr'>celebratione</span> <span class='ocrx_word' id='word_1_83' title='bbox 1442 967 1695 1001; x_wconf 86' lang='lat' dir='ltr'>controversia.</span> 
     </span>
     <span class='ocr_line' id='line_1_11' title="bbox 300 1021 1300 1069; baseline -0.003 -11"><span class='ocrx_word' id='word_1_84' title='bbox 300 1024 381 1069; x_wconf 92' lang='lat' dir='ltr'>Ipse</span> <span class='ocrx_word' id='word_1_85' title='bbox 399 1024 539 1058; x_wconf 91' lang='lat' dir='ltr'>viderit.</span> <span class='ocrx_word' id='word_1_86' title='bbox 592 1023 654 1058; x_wconf 92' lang='lat' dir='ltr'>An</span> <span class='ocrx_word' id='word_1_87' title='bbox 671 1023 729 1057; x_wconf 91' lang='lat' dir='ltr'>hic</span> <span class='ocrx_word' id='word_1_88' title='bbox 747 1023 883 1068; x_wconf 90' lang='lat' dir='ltr'>aliquid</span> <span class='ocrx_word' id='word_1_89' title='bbox 901 1023 1093 1067; x_wconf 85' lang='lat' dir='ltr'>scripserit,</span> <span class='ocrx_word' id='word_1_90' title='bbox 1111 1021 1300 1056; x_wconf 82' lang='lat' dir='ltr'>incertum.</span> 
     </span>
    </p>

    <p class='ocr_par' dir='ltr' id='par_1_5' title="bbox 300 1079 1698 1187">
     <span class='ocr_line' id='line_1_12' title="bbox 349 1079 1698 1122; baseline 0 -6"><span class='ocrx_word' id='word_1_91' title='bbox 349 1082 489 1116; x_wconf 89' lang='lat' dir='ltr'>Claruit</span> <span class='ocrx_word' id='word_1_92' title='bbox 508 1082 604 1115; x_wconf 89' lang='lat' dir='ltr'>domi</span> <span class='ocrx_word' id='word_1_93' title='bbox 622 1082 660 1115; x_wconf 90' lang='lat' dir='ltr'>in</span> <span class='ocrx_word' id='word_1_94' title='bbox 679 1081 798 1116; x_wconf 84' lang='lat' dir='ltr'>Scotia</span> <span class='ocrx_word' id='word_1_95' title='bbox 816 1092 910 1115; x_wconf 89' lang='lat' dir='ltr'>anno</span> <span class='ocrx_word' id='word_1_96' title='bbox 928 1089 1053 1115; x_wconf 82' lang='lat' dir='ltr'>DCXL.</span> <span class='ocrx_word' id='word_1_97' title='bbox 1107 1079 1228 1114; x_wconf 90' lang='lat' dir='ltr'>Uvion</span> <span class='ocrx_word' id='word_1_98' title='bbox 1247 1080 1323 1114; x_wconf 94' lang='lat' dir='ltr'>loco</span> <span class='ocrx_word' id='word_1_99' title='bbox 1341 1081 1497 1115; x_wconf 89' lang='lat' dir='ltr'>laudato.</span> <span class='ocrx_word' id='word_1_100' title='bbox 1542 1082 1622 1122; x_wconf 86' lang='lat' dir='ltr'>Quo</span> <span class='ocrx_word' id='word_1_101' title='bbox 1642 1082 1698 1116; x_wconf 90' lang='lat' dir='ltr'>die</span> 
     </span>
     <span class='ocr_line' id='line_1_13' title="bbox 300 1139 1215 1187; baseline -0.004 -12"><span class='ocrx_word' id='word_1_102' title='bbox 300 1141 377 1187; x_wconf 88' lang='lat' dir='ltr'>ejus</span> <span class='ocrx_word' id='word_1_103' title='bbox 394 1140 566 1174; x_wconf 87' lang='lat' dir='ltr'>memoria</span> <span class='ocrx_word' id='word_1_104' title='bbox 583 1141 770 1180; x_wconf 90' lang='lat' dir='ltr'>recolatur,</span> <span class='ocrx_word' id='word_1_105' title='bbox 788 1150 852 1173; x_wconf 90' lang='lat' dir='ltr'>nec</span> <span class='ocrx_word' id='word_1_106' title='bbox 870 1139 959 1173; x_wconf 91' lang='lat' dir='ltr'>mihi</span> <span class='ocrx_word' id='word_1_107' title='bbox 978 1139 1215 1182; x_wconf 89' lang='lat' dir='ltr'>exploratum.</span> 
     </span>
    </p>
   </div>
   <div class='ocr_carea' id='block_1_5' title="bbox 726 1252 1272 1290">
    <p class='ocr_par' dir='ltr' id='par_1_6' title="bbox 726 1252 1272 1290">
     <span class='ocr_line' id='line_1_14' title="bbox 726 1252 1272 1290; baseline -0.004 -1"><span class='ocrx_word' id='word_1_108' title='bbox 726 1255 761 1289; x_wconf 88' lang='lat' dir='ltr'>S.</span> <span class='ocrx_word' id='word_1_109' title='bbox 789 1254 1135 1290; x_wconf 90' lang='lat' dir='ltr'><strong>CHUNIALDUS.</strong></span> <span class='ocrx_word' id='word_1_110' title='bbox 1189 1252 1272 1288; x_wconf 78' lang='lat'><strong>265.</strong></span> 
     </span>
    </p>
   </div>
   <div class='ocr_carea' id='block_1_6' title="bbox 300 1368 1701 1590">
    <p class='ocr_par' dir='ltr' id='par_1_7' title="bbox 300 1368 1700 1532">
     <span class='ocr_line' id='line_1_15' title="bbox 301 1368 1699 1416; baseline 0 -11"><span class='ocrx_word' id='word_1_111' title='bbox 301 1372 336 1406; x_wconf 85' lang='lat' dir='ltr'>S.</span> <span class='ocrx_word' id='word_1_112' title='bbox 356 1371 631 1405; x_wconf 81' lang='lat' dir='ltr'>CHUNIALDUS</span> <span class='ocrx_word' id='word_1_113' title='bbox 649 1371 845 1416; x_wconf 89' lang='lat' dir='ltr'>presbyter,</span> <span class='ocrx_word' id='word_1_114' title='bbox 870 1382 914 1404; x_wconf 83' lang='lat' dir='ltr'>ex</span> <span class='ocrx_word' id='word_1_115' title='bbox 932 1370 1051 1404; x_wconf 88' lang='lat' dir='ltr'>Scotia</span> <span class='ocrx_word' id='word_1_116' title='bbox 1068 1370 1106 1403; x_wconf 90' lang='lat' dir='ltr'>in</span> <span class='ocrx_word' id='word_1_117' title='bbox 1130 1368 1359 1403; x_wconf 83' lang='lat' dir='ltr'>Germaniam</span> <span class='ocrx_word' id='word_1_118' title='bbox 1384 1374 1525 1404; x_wconf 91' lang='lat' dir='ltr'>secutus</span> <span class='ocrx_word' id='word_1_119' title='bbox 1545 1370 1579 1404; x_wconf 91' lang='lat' dir='ltr'>S.</span> <span class='ocrx_word' id='word_1_120' title='bbox 1600 1371 1699 1405; x_wconf 86' lang='lat' dir='ltr'>Rud-</span> 
     </span>
     <span class='ocr_line' id='line_1_16' title="bbox 300 1428 1700 1474; baseline -0.001 -11"><span class='ocrx_word' id='word_1_121' title='bbox 300 1429 442 1463; x_wconf 89' lang='lat' dir='ltr'>bertum</span> <span class='ocrx_word' id='word_1_122' title='bbox 460 1428 764 1474; x_wconf 87' lang='lat' dir='ltr'>Salisburgensem</span> <span class='ocrx_word' id='word_1_123' title='bbox 783 1429 980 1462; x_wconf 86' lang='lat' dir='ltr'>antistitem</span> <span class='ocrx_word' id='word_1_124' title='bbox 1008 1428 1175 1471; x_wconf 87' lang='lat' dir='ltr'>primum,</span> <span class='ocrx_word' id='word_1_125' title='bbox 1203 1428 1358 1461; x_wconf 89' lang='lat' dir='ltr'>multum</span> <span class='ocrx_word' id='word_1_126' title='bbox 1380 1428 1553 1462; x_wconf 88' lang='lat' dir='ltr'>momenti</span> <span class='ocrx_word' id='word_1_127' title='bbox 1577 1429 1700 1462; x_wconf 84' lang='lat' dir='ltr'>attulit</span> 
     </span>
     <span class='ocr_line' id='line_1_17' title="bbox 303 1485 1386 1532; baseline -0.003 -11"><span class='ocrx_word' id='word_1_128' title='bbox 303 1488 347 1521; x_wconf 87' lang='lat' dir='ltr'>ad</span> <span class='ocrx_word' id='word_1_129' title='bbox 364 1488 538 1532; x_wconf 90' lang='lat' dir='ltr'>populum</span> <span class='ocrx_word' id='word_1_130' title='bbox 556 1486 772 1521; x_wconf 88' lang='lat' dir='ltr'>Christianis</span> <span class='ocrx_word' id='word_1_131' title='bbox 790 1486 919 1520; x_wconf 89' lang='lat' dir='ltr'>ritibus</span> <span class='ocrx_word' id='word_1_132' title='bbox 938 1485 1181 1520; x_wconf 89' lang='lat' dir='ltr'>imbuendum.</span> <span class='ocrx_word' id='word_1_133' title='bbox 1236 1485 1386 1529; x_wconf 88' lang='lat' dir='ltr'>Scripsit</span> 
     </span>
    </p>

    <p class='ocr_par' dir='ltr' id='par_1_8' title="bbox 450 1542 1701 1590">
     <span class='ocr_line' id='line_1_18' title="bbox 450 1542 1701 1590; baseline -0.001 -11"><span class='ocrx_word' id='word_1_134' title='bbox 450 1544 544 1579; x_wconf 88' lang='lat' dir='ltr'>Acta</span> <span class='ocrx_word' id='word_1_135' title='bbox 562 1544 739 1579; x_wconf 89' lang='lat' dir='ltr'>Rudberti</span> <span class='ocrx_word' id='word_1_136' title='bbox 758 1544 927 1590; x_wconf 87' lang='lat' dir='ltr'>Magistri</span> <span class='ocrx_word' id='word_1_137' title='bbox 1207 1544 1269 1578; x_wconf 90' lang='lat' dir='ltr'>lib.</span> <span class='ocrx_word' id='word_1_138' title='bbox 1290 1553 1315 1577; x_wconf 92' lang='grc' dir='ltr'>Ι.</span> <span class='ocrx_word' id='word_1_139' title='bbox 1342 1542 1558 1588; x_wconf 90' lang='lat' dir='ltr'>Anonymus</span> <span class='ocrx_word' id='word_1_140' title='bbox 1577 1549 1701 1578; x_wconf 86' lang='lat' dir='ltr'>auctor</span> 
     </span>
    </p>
   </div>
   <div class='ocr_carea' id='block_1_7' title="bbox 499 1601 1702 1704">
    <p class='ocr_par' dir='ltr' id='par_1_9' title="bbox 499 1601 1702 1704">
     <span class='ocr_line' id='line_1_19' title="bbox 499 1601 1702 1646; baseline 0 -10"><span class='ocrx_word' id='word_1_141' title='bbox 499 1601 605 1636; x_wconf 89' lang='lat' dir='ltr'>Vitae</span> <span class='ocrx_word' id='word_1_142' title='bbox 624 1601 659 1635; x_wconf 85' lang='lat' dir='ltr'>S.</span> <span class='ocrx_word' id='word_1_143' title='bbox 679 1601 856 1636; x_wconf 89' lang='lat' dir='ltr'>Rudberti</span> <span class='ocrx_word' id='word_1_144' title='bbox 874 1613 948 1646; x_wconf 89' lang='lat' dir='ltr'>cap.</span> <span class='ocrx_word' id='word_1_145' title='bbox 966 1611 1086 1635; x_wconf 87' lang='lat' dir='ltr'>XVIII.</span> <span class='ocrx_word' id='word_1_146' title='bbox 1113 1601 1314 1646; x_wconf 89' lang='lat' dir='ltr'>publicatus</span> <span class='ocrx_word' id='word_1_147' title='bbox 1341 1601 1385 1635; x_wconf 86' lang='lat' dir='ltr'>ab</span> <span class='ocrx_word' id='word_1_148' title='bbox 1413 1601 1570 1635; x_wconf 89' lang='lat' dir='ltr'>Henrico</span> <span class='ocrx_word' id='word_1_149' title='bbox 1597 1601 1702 1636; x_wconf 87' lang='lat' dir='ltr'>Cani-</span> 
     </span>
     <span class='ocr_line' id='line_1_20' title="bbox 502 1658 1127 1704; baseline 0 -11"><span class='ocrx_word' id='word_1_150' title='bbox 502 1661 555 1694; x_wconf 91' lang='lat' dir='ltr'>sio</span> <span class='ocrx_word' id='word_1_151' title='bbox 573 1663 660 1694; x_wconf 87' lang='lat' dir='ltr'>tom.</span> <span class='ocrx_word' id='word_1_152' title='bbox 680 1668 735 1693; x_wconf 89' lang='lat' dir='ltr'>VI.</span> <span class='ocrx_word' id='word_1_153' title='bbox 753 1658 947 1704; x_wconf 85' lang='lat' dir='ltr'>Antiquar.</span> <span class='ocrx_word' id='word_1_154' title='bbox 969 1658 1127 1693; x_wconf 89' lang='lat' dir='ltr'>Lection.</span> 
     </span>
    </p>
   </div>
   <div class='ocr_carea' id='block_1_8' title="bbox 352 1716 1701 1762">
    <p class='ocr_par' dir='ltr' id='par_1_10' title="bbox 352 1716 1701 1762">
     <span class='ocr_line' id='line_1_21' title="bbox 352 1716 1701 1762; baseline -0.001 -10"><span class='ocrx_word' id='word_1_155' title='bbox 352 1718 494 1752; x_wconf 90' lang='lat' dir='ltr'>Floruit</span> <span class='ocrx_word' id='word_1_156' title='bbox 505 1729 598 1752; x_wconf 89' lang='lat' dir='ltr'>anno</span> <span class='ocrx_word' id='word_1_157' title='bbox 610 1726 738 1751; x_wconf 84' lang='lat' dir='ltr'>DCXX.</span> <span class='ocrx_word' id='word_1_158' title='bbox 771 1717 911 1752; x_wconf 90' lang='lat' dir='ltr'>Colitur</span> <span class='ocrx_word' id='word_1_159' title='bbox 924 1721 1068 1751; x_wconf 88' lang='lat' dir='ltr'>sanctus</span> <span class='ocrx_word' id='word_1_160' title='bbox 1083 1726 1200 1752; x_wconf 83' lang='lat' dir='ltr'>XXIV.</span> <span class='ocrx_word' id='word_1_161' title='bbox 1216 1717 1413 1762; x_wconf 91' lang='lat' dir='ltr'>Septembr.</span> <span class='ocrx_word' id='word_1_162' title='bbox 1445 1716 1653 1762; x_wconf 88' lang='lat' dir='ltr'>Discipulus</span> <span class='ocrx_word' id='word_1_163' title='bbox 1665 1717 1701 1751; x_wconf 87' lang='lat' dir='ltr'>S.</span> 
     </span>
    </p>
   </div>
   <div class='ocr_carea' id='block_1_9' title="bbox 304 1766 1703 1879">
    <p class='ocr_par' dir='ltr' id='par_1_11' title="bbox 304 1766 1703 1879">
     <span class='ocr_line' id='line_1_22' title="bbox 305 1766 1703 1821; baseline 0 -12"><span class='ocrx_word' id='word_1_164' title='bbox 305 1775 505 1810; x_wconf 87' lang='lat' dir='ltr'>Eberhardi</span> <span class='ocrx_word' id='word_1_165' title='bbox 521 1766 561 1810; x_wconf 79' lang='lat' dir='ltr'>in</span> <span class='ocrx_word' id='word_1_166' title='bbox 575 1774 662 1810; x_wconf 89' lang='lat' dir='ltr'>Vita</span> <span class='ocrx_word' id='word_1_167' title='bbox 680 1774 943 1820; x_wconf 89' lang='lat' dir='ltr'>Episcoporum</span> <span class='ocrx_word' id='word_1_168' title='bbox 961 1774 1288 1821; x_wconf 83' lang='lat' dir='ltr'>Salzburgensium,</span> <span class='ocrx_word' id='word_1_169' title='bbox 1302 1779 1388 1810; x_wconf 89' lang='lat' dir='ltr'>tom.</span> <span class='ocrx_word' id='word_1_170' title='bbox 1410 1784 1451 1809; x_wconf 93' lang='lat'>11.</span> <span class='ocrx_word' id='word_1_171' title='bbox 1468 1774 1595 1820; x_wconf 88' lang='lat' dir='ltr'>Antiq.</span> <span class='ocrx_word' id='word_1_172' title='bbox 1615 1775 1703 1809; x_wconf 91' lang='lat' dir='ltr'>Lec-</span> 
     </span>
     <span class='ocr_line' id='line_1_23' title="bbox 304 1834 634 1879; baseline -0.003 -12"><span class='ocrx_word' id='word_1_173' title='bbox 304 1834 391 1868; x_wconf 88' lang='lat' dir='ltr'>tion.</span> <span class='ocrx_word' id='word_1_174' title='bbox 411 1845 491 1879; x_wconf 86' lang='lat' dir='ltr'>pag.</span> <span class='ocrx_word' id='word_1_175' title='bbox 512 1842 634 1867; x_wconf 88' lang='lat' dir='ltr'>CCLII.</span> 
     </span>
    </p>
   </div>
   <div class='ocr_carea' id='block_1_10' title="bbox 740 1948 1255 1984">
    <p class='ocr_par' dir='ltr' id='par_1_12' title="bbox 740 1948 1255 1984">
     <span class='ocr_line' id='line_1_24' title="bbox 740 1948 1255 1984; baseline 0 -1"><span class='ocrx_word' id='word_1_176' title='bbox 740 1949 775 1983; x_wconf 94' lang='lat' dir='ltr'>S.</span> <span class='ocrx_word' id='word_1_177' title='bbox 804 1948 1120 1984; x_wconf 86' lang='lat' dir='ltr'><strong>CONGALLUS.</strong></span> <span class='ocrx_word' id='word_1_178' title='bbox 1173 1948 1255 1984; x_wconf 78' lang='lat'><strong>266.</strong></span> 
     </span>
    </p>
   </div>
   <div class='ocr_carea' id='block_1_11' title="bbox 307 2062 1706 2341">
    <p class='ocr_par' dir='ltr' id='par_1_13' title="bbox 307 2062 1706 2341">
     <span class='ocr_line' id='line_1_25' title="bbox 307 2062 1706 2110; baseline 0.001 -13"><span class='ocrx_word' id='word_1_179' title='bbox 307 2065 342 2098; x_wconf 90' lang='lat' dir='ltr'>S.</span> <span class='ocrx_word' id='word_1_180' title='bbox 379 2064 644 2106; x_wconf 78' lang='lat' dir='ltr'>CONGALLUS‚</span> <span class='ocrx_word' id='word_1_181' title='bbox 680 2065 788 2100; x_wconf 90' lang='lat' dir='ltr'>abbas</span> <span class='ocrx_word' id='word_1_182' title='bbox 823 2065 1030 2100; x_wconf 87' lang='lat' dir='ltr'>monasterii</span> <span class='ocrx_word' id='word_1_183' title='bbox 1065 2065 1160 2100; x_wconf 90' lang='lat' dir='ltr'>illius</span> <span class='ocrx_word' id='word_1_184' title='bbox 1195 2065 1420 2106; x_wconf 88' lang='lat' dir='ltr'>nobilissimi,</span> <span class='ocrx_word' id='word_1_185' title='bbox 1457 2066 1553 2110; x_wconf 89' lang='lat' dir='ltr'>quod</span> <span class='ocrx_word' id='word_1_186' title='bbox 1588 2062 1706 2099; x_wconf 78' lang='lat' dir='ltr'>Hali-</span> 
     </span>
     <span class='ocr_line' id='line_1_26' title="bbox 308 2120 1706 2168; baseline 0.001 -13"><span class='ocrx_word' id='word_1_187' title='bbox 308 2120 405 2156; x_wconf 81' lang='lat' dir='ltr'>wode</span> <span class='ocrx_word' id='word_1_188' title='bbox 434 2127 617 2164; x_wconf 87' lang='lat' dir='ltr'>vocarunt,</span> <span class='ocrx_word' id='word_1_189' title='bbox 648 2123 803 2158; x_wconf 88' lang='lat' dir='ltr'>mirabili</span> <span class='ocrx_word' id='word_1_190' title='bbox 835 2122 1024 2158; x_wconf 82' lang='lat' dir='ltr'>sanctitate</span> <span class='ocrx_word' id='word_1_191' title='bbox 1054 2124 1149 2159; x_wconf 89' lang='lat' dir='ltr'>vitae</span> <span class='ocrx_word' id='word_1_192' title='bbox 1180 2123 1314 2158; x_wconf 88' lang='lat' dir='ltr'>effulsit</span> <span class='ocrx_word' id='word_1_193' title='bbox 1347 2124 1559 2168; x_wconf 87' lang='lat' dir='ltr'>praecipuus</span> <span class='ocrx_word' id='word_1_194' title='bbox 1594 2122 1706 2168; x_wconf 88' lang='lat' dir='ltr'>virgi-</span> 
     </span>
     <span class='ocr_line' id='line_1_27' title="bbox 307 2180 1705 2222; baseline 0.001 -10"><span class='ocrx_word' id='word_1_195' title='bbox 307 2180 430 2213; x_wconf 87' lang='lat' dir='ltr'>nitatis</span> <span class='ocrx_word' id='word_1_196' title='bbox 460 2181 575 2214; x_wconf 91' lang='lat' dir='ltr'>cultor</span> <span class='ocrx_word' id='word_1_197' title='bbox 609 2186 643 2216; x_wconf 90' lang='lat' dir='ltr'>et</span> <span class='ocrx_word' id='word_1_198' title='bbox 678 2186 843 2222; x_wconf 86' lang='lat' dir='ltr'>assertor,</span> <span class='ocrx_word' id='word_1_199' title='bbox 874 2186 916 2215; x_wconf 87' lang='lat' dir='ltr'>ut</span> <span class='ocrx_word' id='word_1_200' title='bbox 943 2182 1017 2215; x_wconf 88' lang='lat' dir='ltr'>solo</span> <span class='ocrx_word' id='word_1_201' title='bbox 1045 2186 1182 2217; x_wconf 86' lang='lat' dir='ltr'>attactu</span> <span class='ocrx_word' id='word_1_202' title='bbox 1211 2182 1343 2215; x_wconf 89' lang='lat' dir='ltr'>multos</span> <span class='ocrx_word' id='word_1_203' title='bbox 1374 2181 1705 2215; x_wconf 86' lang='lat' dir='ltr'>continentissimos</span> 
     </span>
     <span class='ocr_line' id='line_1_28' title="bbox 310 2237 1702 2283; baseline 0.002 -14"><span class='ocrx_word' id='word_1_204' title='bbox 310 2247 353 2269; x_wconf 85' lang='lat' dir='ltr'>ex</span> <span class='ocrx_word' id='word_1_205' title='bbox 371 2237 540 2272; x_wconf 88' lang='lat' dir='ltr'>dissolute</span> <span class='ocrx_word' id='word_1_206' title='bbox 557 2239 698 2273; x_wconf 87' lang='lat' dir='ltr'>lascivis</span> <span class='ocrx_word' id='word_1_207' title='bbox 716 2240 919 2280; x_wconf 87' lang='lat' dir='ltr'>reddiderit,</span> <span class='ocrx_word' id='word_1_208' title='bbox 937 2244 979 2274; x_wconf 91' lang='lat' dir='ltr'>ut</span> <span class='ocrx_word' id='word_1_209' title='bbox 996 2239 1086 2274; x_wconf 90' lang='lat' dir='ltr'>liber</span> <span class='ocrx_word' id='word_1_210' title='bbox 1112 2240 1370 2274; x_wconf 86' lang='lat' dir='ltr'>Miraculorum</span> <span class='ocrx_word' id='word_1_211' title='bbox 1396 2239 1509 2283; x_wconf 89' lang='lat' dir='ltr'>ipsius</span> <span class='ocrx_word' id='word_1_212' title='bbox 1536 2243 1702 2278; x_wconf 87' lang='lat' dir='ltr'>testatur,</span> 
     </span>
     <span class='ocr_line' id='line_1_29' title="bbox 312 2294 1418 2341; baseline 0.004 -15"><span class='ocrx_word' id='word_1_213' title='bbox 312 2304 415 2337; x_wconf 87' lang='lat' dir='ltr'>quem</span> <span class='ocrx_word' id='word_1_214' title='bbox 436 2294 612 2329; x_wconf 85' lang='lat' dir='ltr'>Patricius</span> <span class='ocrx_word' id='word_1_215' title='bbox 630 2295 864 2331; x_wconf 88' lang='lat' dir='ltr'>Andersonus</span> <span class='ocrx_word' id='word_1_216' title='bbox 882 2308 919 2330; x_wconf 91' lang='lat' dir='ltr'>se</span> <span class='ocrx_word' id='word_1_217' title='bbox 937 2297 1068 2332; x_wconf 88' lang='lat' dir='ltr'>vidisse</span> <span class='ocrx_word' id='word_1_218' title='bbox 1087 2298 1220 2332; x_wconf 87' lang='lat' dir='ltr'>scribit.</span> <span class='ocrx_word' id='word_1_219' title='bbox 1266 2296 1418 2341; x_wconf 89' lang='lat' dir='ltr'>Scripsit</span> 
     </span>
    </p>
   </div>
   <div class='ocr_carea' id='block_1_12' title="bbox 460 2351 1706 2445">
    <p class='ocr_par' dir='ltr' id='par_1_14' title="bbox 460 2351 1706 2445">
     <span class='ocr_line' id='line_1_30' title="bbox 460 2351 1706 2401; baseline 0.001 -16"><span class='ocrx_word' id='word_1_220' title='bbox 460 2351 648 2396; x_wconf 88' lang='lat' dir='ltr'>Trophaea</span> <span class='ocrx_word' id='word_1_221' title='bbox 665 2353 777 2388; x_wconf 93' lang='lat' dir='ltr'>Cruce</span> <span class='ocrx_word' id='word_1_222' title='bbox 796 2355 1019 2401; x_wconf 86' lang='lat' dir='ltr'>signatorum</span> <span class='ocrx_word' id='word_1_223' title='bbox 1169 2355 1230 2389; x_wconf 86' lang='lat' dir='ltr'>lib.</span> <span class='ocrx_word' id='word_1_224' title='bbox 1253 2363 1276 2389; x_wconf 88' lang='lat'>1.</span> <span class='ocrx_word' id='word_1_225' title='bbox 1296 2366 1404 2389; x_wconf 87' lang='lat' dir='ltr'>versu</span> <span class='ocrx_word' id='word_1_226' title='bbox 1422 2353 1588 2400; x_wconf 88' lang='lat' dir='ltr'>eleganti.</span> <span class='ocrx_word' id='word_1_227' title='bbox 1609 2353 1706 2387; x_wconf 86' lang='lat' dir='ltr'>Lau-</span> 
     </span>
     <span class='ocr_line' id='line_1_31' title="bbox 508 2409 788 2445; baseline 0.007 -2"><span class='ocrx_word' id='word_1_228' title='bbox 508 2410 568 2444; x_wconf 87' lang='lat' dir='ltr'>dat</span> <span class='ocrx_word' id='word_1_229' title='bbox 588 2409 788 2445; x_wconf 88' lang='lat' dir='ltr'>Fordunus.</span> 
     </span>
    </p>
   </div>
  </div>
 </body>
</html>
