<?xml version="1.0" encoding="UTF-8"?>
<!DOCTYPE html PUBLIC "-//W3C//DTD XHTML 1.0 Transitional//EN"
    "http://www.w3.org/TR/xhtml1/DTD/xhtml1-transitional.dtd">
<html xmlns="http://www.w3.org/1999/xhtml" xml:lang="en" lang="en">
 <head>
  <title>
</title>
<meta http-equiv="Content-Type" content="text/html;charset=utf-8" />
  <meta name='ocr-system' content='tesseract 3.04.00' />
  <meta name='ocr-capabilities' content='ocr_page ocr_carea ocr_par ocr_line ocrx_word'/>
</head>
<body>
  <div class='ocr_page' id='page_1' title='image "./thomaedempste2101dempuoft_0107.png"; bbox 0 0 2032 2912; ppageno 0'>
   <div class='ocr_carea' id='block_1_1' title="bbox 715 332 1734 372">
    <p class='ocr_par' dir='ltr' id='par_1_1' title="bbox 715 332 1734 372">
     <span class='ocr_line' id='line_1_1' title="bbox 715 332 1734 372; baseline -0.003 -7"><span class='ocrx_word' id='word_1_1' title='bbox 715 333 890 366; x_wconf 87' lang='lat' dir='ltr'>GENTIS</span> <span class='ocrx_word' id='word_1_2' title='bbox 915 332 1191 372; x_wconf 91' lang='lat' dir='ltr'><strong>SCOTORUM,</strong></span> <span class='ocrx_word' id='word_1_3' title='bbox 1215 332 1304 365; x_wconf 89' lang='lat' dir='ltr'><strong>LIB.</strong></span> <span class='ocrx_word' id='word_1_4' title='bbox 1325 333 1352 365; x_wconf 95' lang='lat'><strong>1.</strong></span> <span class='ocrx_word' id='word_1_5' title='bbox 1693 333 1734 363; x_wconf 87' lang='lat'><strong>45</strong></span> 
     </span>
    </p>
   </div>
   <div class='ocr_carea' id='block_1_2' title="bbox 396 425 1340 574">
    <p class='ocr_par' dir='ltr' id='par_1_2' title="bbox 396 425 1340 574">
     <span class='ocr_line' id='line_1_2' title="bbox 493 425 1340 470; baseline 0 -10"><span class='ocrx_word' id='word_1_6' title='bbox 493 425 529 460; x_wconf 90' lang='lat' dir='ltr'><strong>S.</strong></span> <span class='ocrx_word' id='word_1_7' title='bbox 548 426 713 460; x_wconf 89' lang='lat' dir='ltr'>Andreae</span> <span class='ocrx_word' id='word_1_8' title='bbox 730 426 949 470; x_wconf 87' lang='lat' dir='ltr'>Episcopum</span> <span class='ocrx_word' id='word_1_9' title='bbox 1231 427 1292 460; x_wconf 92' lang='lat' dir='ltr'><strong>lib.</strong></span> <span class='ocrx_word' id='word_1_10' title='bbox 1312 435 1340 460; x_wconf 89' lang='lat'><strong>1.</strong></span> 
     </span>
     <span class='ocr_line' id='line_1_3' title="bbox 492 482 1340 517; baseline 0 0"><span class='ocrx_word' id='word_1_11' title='bbox 492 483 552 517; x_wconf 87' lang='lat' dir='ltr'><strong>Ad</strong></span> <span class='ocrx_word' id='word_1_12' title='bbox 569 483 722 517; x_wconf 90' lang='lat' dir='ltr'><strong>Lucium</strong></span> <span class='ocrx_word' id='word_1_13' title='bbox 740 482 809 516; x_wconf 89' lang='lat'>111.</span> <span class='ocrx_word' id='word_1_14' title='bbox 832 482 1036 516; x_wconf 88' lang='lat' dir='ltr'><strong>Pontificem</strong></span> <span class='ocrx_word' id='word_1_15' title='bbox 1234 483 1294 517; x_wconf 88' lang='lat' dir='ltr'><strong>lib.</strong></span> <span class='ocrx_word' id='word_1_16' title='bbox 1315 491 1340 516; x_wconf 86' lang='grc' dir='ltr'><strong>Ι.</strong></span> 
     </span>
     <span class='ocr_line' id='line_1_4' title="bbox 396 540 891 574; baseline -0.004 0"><span class='ocrx_word' id='word_1_17' title='bbox 396 540 535 574; x_wconf 83' lang='lat' dir='ltr'><strong>Floruit</strong></span> <span class='ocrx_word' id='word_1_18' title='bbox 551 551 645 574; x_wconf 87' lang='lat' dir='ltr'><strong>anno</strong></span> <span class='ocrx_word' id='word_1_19' title='bbox 663 541 891 573; x_wconf 78' lang='lat' dir='ltr'><strong>MCLxxxn.</strong></span> 
     </span>
    </p>
   </div>
   <div class='ocr_carea' id='block_1_3' title="bbox 575 653 1503 694">
    <p class='ocr_par' dir='ltr' id='par_1_3' title="bbox 575 653 1503 694">
     <span class='ocr_line' id='line_1_5' title="bbox 575 653 1503 694; baseline 0 -6"><span class='ocrx_word' id='word_1_20' title='bbox 575 653 791 694; x_wconf 90' lang='lat' dir='ltr'><strong>ALANUS,</strong></span> <span class='ocrx_word' id='word_1_21' title='bbox 819 662 894 687; x_wconf 82' lang='lat' dir='ltr'><strong>SEU</strong></span> <span class='ocrx_word' id='word_1_22' title='bbox 919 653 1390 688; x_wconf 86' lang='lat' dir='ltr'><strong>ANTICLAUDIANUS.</strong></span> <span class='ocrx_word' id='word_1_23' title='bbox 1443 656 1503 692; x_wconf 88' lang='lat'><strong>71.</strong></span> 
     </span>
    </p>
   </div>
   <div class='ocr_carea' id='block_1_4' title="bbox 343 765 1735 1383">
    <p class='ocr_par' dir='ltr' id='par_1_4' title="bbox 345 765 1735 1097">
     <span class='ocr_line' id='line_1_6' title="bbox 347 765 1734 814; baseline -0.001 -11"><span class='ocrx_word' id='word_1_24' title='bbox 347 769 530 809; x_wconf 80' lang='lat' dir='ltr'><strong>ALANUS,</strong></span> <span class='ocrx_word' id='word_1_25' title='bbox 548 772 781 814; x_wconf 87' lang='lat' dir='ltr'><strong>cognomento</strong></span> <span class='ocrx_word' id='word_1_26' title='bbox 794 766 840 802; x_wconf 81' lang='lat' dir='ltr'><strong>ab</strong></span> <span class='ocrx_word' id='word_1_27' title='bbox 853 765 1004 808; x_wconf 73' lang='lat' dir='ltr'><strong>Insulis,</strong></span> <span class='ocrx_word' id='word_1_28' title='bbox 1018 768 1056 802; x_wconf 91' lang='lat' dir='ltr'><strong>in</strong></span> <span class='ocrx_word' id='word_1_29' title='bbox 1069 767 1180 802; x_wconf 91' lang='lat' dir='ltr'><strong>Mona</strong></span> <span class='ocrx_word' id='word_1_30' title='bbox 1192 768 1310 802; x_wconf 85' lang='lat' dir='ltr'><strong>insula</strong></span> <span class='ocrx_word' id='word_1_31' title='bbox 1325 772 1443 808; x_wconf 86' lang='lat' dir='ltr'><strong>natus,</strong></span> <span class='ocrx_word' id='word_1_32' title='bbox 1461 768 1609 813; x_wconf 80' lang='lat' dir='ltr'><strong>antiqua</strong></span> <span class='ocrx_word' id='word_1_33' title='bbox 1626 768 1734 802; x_wconf 84' lang='lat' dir='ltr'><strong>Drui-</strong></span> 
     </span>
     <span class='ocr_line' id='line_1_7' title="bbox 346 824 1733 871; baseline 0 -12"><span class='ocrx_word' id='word_1_34' title='bbox 346 827 431 859; x_wconf 92' lang='lat' dir='ltr'><strong>dum</strong></span> <span class='ocrx_word' id='word_1_35' title='bbox 461 826 552 866; x_wconf 90' lang='lat' dir='ltr'><strong>sede,</strong></span> <span class='ocrx_word' id='word_1_36' title='bbox 582 837 604 859; x_wconf 91' lang='lat' dir='ltr'><strong>a</strong></span> <span class='ocrx_word' id='word_1_37' title='bbox 632 826 810 870; x_wconf 89' lang='lat' dir='ltr'><strong>plerisque</strong></span> <span class='ocrx_word' id='word_1_38' title='bbox 840 825 1007 871; x_wconf 88' lang='lat' dir='ltr'><strong>Magnus,</strong></span> <span class='ocrx_word' id='word_1_39' title='bbox 1037 825 1201 870; x_wconf 85' lang='lat' dir='ltr'>idemque</span> <span class='ocrx_word' id='word_1_40' title='bbox 1230 824 1530 859; x_wconf 88' lang='lat' dir='ltr'><strong>Anticlaudianus</strong></span> <span class='ocrx_word' id='word_1_41' title='bbox 1558 825 1602 859; x_wconf 92' lang='lat' dir='ltr'><strong>ab</strong></span> <span class='ocrx_word' id='word_1_42' title='bbox 1629 837 1733 870; x_wconf 86' lang='lat' dir='ltr'><strong>opere</strong></span> 
     </span>
     <span class='ocr_line' id='line_1_8' title="bbox 346 882 1734 927; baseline -0.001 -10"><span class='ocrx_word' id='word_1_43' title='bbox 346 884 487 917; x_wconf 88' lang='lat' dir='ltr'><strong>nomine</strong></span> <span class='ocrx_word' id='word_1_44' title='bbox 501 884 618 923; x_wconf 89' lang='lat' dir='ltr'><strong>ducto,</strong></span> <span class='ocrx_word' id='word_1_45' title='bbox 632 894 703 916; x_wconf 92' lang='lat' dir='ltr'><strong>non</strong></span> <span class='ocrx_word' id='word_1_46' title='bbox 718 887 841 917; x_wconf 88' lang='lat' dir='ltr'><strong>contra</strong></span> <span class='ocrx_word' id='word_1_47' title='bbox 854 882 1091 916; x_wconf 86' lang='lat' dir='ltr'>Claudianum</span> <span class='ocrx_word' id='word_1_48' title='bbox 1104 882 1259 926; x_wconf 88' lang='lat' dir='ltr'><strong>quidem,</strong></span> <span class='ocrx_word' id='word_1_49' title='bbox 1274 882 1335 916; x_wconf 91' lang='lat' dir='ltr'><strong>sed</strong></span> <span class='ocrx_word' id='word_1_50' title='bbox 1348 882 1392 915; x_wconf 90' lang='lat' dir='ltr'><strong>ad</strong></span> <span class='ocrx_word' id='word_1_51' title='bbox 1406 882 1483 927; x_wconf 84' lang='lat' dir='ltr'><strong>ejus</strong></span> <span class='ocrx_word' id='word_1_52' title='bbox 1497 882 1734 916; x_wconf 88' lang='lat' dir='ltr'><strong>imitationem</strong></span> 
     </span>
     <span class='ocr_line' id='line_1_9' title="bbox 346 938 1735 980; baseline -0.001 -6"><span class='ocrx_word' id='word_1_53' title='bbox 346 941 450 980; x_wconf 86' lang='lat' dir='ltr'><strong>edito,</strong></span> <span class='ocrx_word' id='word_1_54' title='bbox 468 951 565 974; x_wconf 90' lang='lat' dir='ltr'><strong>more</strong></span> <span class='ocrx_word' id='word_1_55' title='bbox 582 941 678 974; x_wconf 91' lang='lat' dir='ltr'><strong>illius</strong></span> <span class='ocrx_word' id='word_1_56' title='bbox 696 940 814 974; x_wconf 88' lang='lat' dir='ltr'><strong>seculi.</strong></span> <span class='ocrx_word' id='word_1_57' title='bbox 866 939 924 973; x_wconf 86' lang='lat' dir='ltr'><strong>Sic</strong></span> <span class='ocrx_word' id='word_1_58' title='bbox 941 939 1129 973; x_wconf 91' lang='lat' dir='ltr'><strong>Ennodius</strong></span> <span class='ocrx_word' id='word_1_59' title='bbox 1147 939 1251 973; x_wconf 84' lang='lat' dir='ltr'><strong>Felix</strong></span> <span class='ocrx_word' id='word_1_60' title='bbox 1277 938 1488 979; x_wconf 88' lang='lat' dir='ltr'><strong>Ticinensis,</strong></span> <span class='ocrx_word' id='word_1_61' title='bbox 1515 939 1601 972; x_wconf 87' lang='lat' dir='ltr'><strong>dum</strong></span> <span class='ocrx_word' id='word_1_62' title='bbox 1619 939 1735 973; x_wconf 90' lang='lat' dir='ltr'><strong>imita-</strong></span> 
     </span>
     <span class='ocr_line' id='line_1_10' title="bbox 345 996 1732 1042; baseline -0.001 -12"><span class='ocrx_word' id='word_1_63' title='bbox 345 997 376 1030; x_wconf 89' lang='lat' dir='ltr'><strong>ri</strong></span> <span class='ocrx_word' id='word_1_64' title='bbox 407 998 485 1030; x_wconf 86' lang='lat' dir='ltr'><strong>vult</strong></span> <span class='ocrx_word' id='word_1_65' title='bbox 512 996 700 1030; x_wconf 90' lang='lat' dir='ltr'><strong>Claudiani</strong></span> <span class='ocrx_word' id='word_1_66' title='bbox 728 997 957 1042; x_wconf 83' lang='lat' dir='ltr'><strong>epigramma,</strong></span> <span class='ocrx_word' id='word_1_67' title='bbox 985 996 1203 1041; x_wconf 85' lang='lat' dir='ltr'><strong>epigraphen</strong></span> <span class='ocrx_word' id='word_1_68' title='bbox 1228 1007 1293 1030; x_wconf 89' lang='lat' dir='ltr'><strong>suo</strong></span> <span class='ocrx_word' id='word_1_69' title='bbox 1317 996 1565 1042; x_wconf 85' lang='lat' dir='ltr'><strong>epigrammati</strong></span> <span class='ocrx_word' id='word_1_70' title='bbox 1590 1005 1732 1030; x_wconf 77' lang='lat' dir='ltr'><strong>CXXIV.</strong></span> 
     </span>
     <span class='ocr_line' id='line_1_11' title="bbox 346 1052 1556 1097; baseline 0.001 -11"><span class='ocrx_word' id='word_1_71' title='bbox 346 1053 429 1087; x_wconf 88' lang='lat' dir='ltr'><strong>fecit</strong></span> <span class='ocrx_word' id='word_1_72' title='bbox 448 1057 469 1072; x_wconf 90' lang='lat'><strong>“</strong></span> <span class='ocrx_word' id='word_1_73' title='bbox 485 1053 655 1087; x_wconf 87' lang='lat' dir='ltr'><strong>adversus</strong></span> <span class='ocrx_word' id='word_1_74' title='bbox 673 1052 909 1087; x_wconf 87' lang='lat' dir='ltr'><strong>Claudianum</strong></span> <span class='ocrx_word' id='word_1_75' title='bbox 928 1052 971 1086; x_wconf 92' lang='lat' dir='ltr'><strong>de</strong></span> <span class='ocrx_word' id='word_1_76' title='bbox 988 1052 1188 1093; x_wconf 80' lang='lat' dir='ltr'><strong>Mulabus,&#39;&#39;</strong></span> <span class='ocrx_word' id='word_1_77' title='bbox 1206 1058 1241 1087; x_wconf 88' lang='lat' dir='ltr'><strong>et</strong></span> <span class='ocrx_word' id='word_1_78' title='bbox 1258 1053 1328 1087; x_wconf 88' lang='lat' dir='ltr'><strong>alia</strong></span> <span class='ocrx_word' id='word_1_79' title='bbox 1345 1054 1441 1097; x_wconf 90' lang='lat' dir='ltr'><strong>apud</strong></span> <span class='ocrx_word' id='word_1_80' title='bbox 1457 1053 1556 1087; x_wconf 86' lang='lat' dir='ltr'><strong>alios.</strong></span> 
     </span>
    </p>

    <p class='ocr_par' dir='ltr' id='par_1_5' title="bbox 343 1109 1735 1383">
     <span class='ocr_line' id='line_1_12' title="bbox 396 1109 1733 1154; baseline 0.001 -11"><span class='ocrx_word' id='word_1_81' title='bbox 396 1110 578 1154; x_wconf 88' lang='lat' dir='ltr'><strong>Rupertus</strong></span> <span class='ocrx_word' id='word_1_82' title='bbox 606 1109 792 1144; x_wconf 91' lang='lat' dir='ltr'><strong>Holcotius</strong></span> <span class='ocrx_word' id='word_1_83' title='bbox 818 1110 955 1154; x_wconf 86' lang='lat' dir='ltr'><strong>primus</strong></span> <span class='ocrx_word' id='word_1_84' title='bbox 981 1110 1013 1143; x_wconf 87' lang='lat' dir='ltr'><strong>ei</strong></span> <span class='ocrx_word' id='word_1_85' title='bbox 1038 1111 1193 1154; x_wconf 80' lang='lat' dir='ltr'><strong>poemati</strong></span> <span class='ocrx_word' id='word_1_86' title='bbox 1223 1111 1377 1144; x_wconf 85' lang='lat' dir='ltr'><strong>auctoris</strong></span> <span class='ocrx_word' id='word_1_87' title='bbox 1406 1121 1536 1144; x_wconf 91' lang='lat' dir='ltr'><strong>nomen</strong></span> <span class='ocrx_word' id='word_1_88' title='bbox 1564 1111 1733 1150; x_wconf 84' lang='lat' dir='ltr'><strong>restituit,</strong></span> 
     </span>
     <span class='ocr_line' id='line_1_13' title="bbox 347 1166 1735 1211; baseline 0 -10"><span class='ocrx_word' id='word_1_89' title='bbox 347 1179 427 1202; x_wconf 90' lang='lat' dir='ltr'><strong>cum</strong></span> <span class='ocrx_word' id='word_1_90' title='bbox 456 1168 526 1201; x_wconf 90' lang='lat' dir='ltr'><strong>viri</strong></span> <span class='ocrx_word' id='word_1_91' title='bbox 555 1167 713 1211; x_wconf 89' lang='lat' dir='ltr'><strong>alioquin</strong></span> <span class='ocrx_word' id='word_1_92' title='bbox 743 1167 875 1201; x_wconf 89' lang='lat' dir='ltr'><strong>eruditi</strong></span> <span class='ocrx_word' id='word_1_93' title='bbox 904 1178 986 1200; x_wconf 90' lang='lat' dir='ltr'><strong>eum</strong></span> <span class='ocrx_word' id='word_1_94' title='bbox 1015 1166 1284 1201; x_wconf 80' lang='lat' dir='ltr'><strong>Anticlaudiani</strong></span> <span class='ocrx_word' id='word_1_95' title='bbox 1313 1167 1457 1201; x_wconf 90' lang='lat' dir='ltr'><strong>nomine</strong></span> <span class='ocrx_word' id='word_1_96' title='bbox 1486 1172 1629 1202; x_wconf 90' lang='lat' dir='ltr'><strong>tantum</strong></span> <span class='ocrx_word' id='word_1_97' title='bbox 1659 1169 1735 1201; x_wconf 87' lang='lat' dir='ltr'><strong>lau-</strong></span> 
     </span>
     <span class='ocr_line' id='line_1_14' title="bbox 346 1223 1735 1268; baseline 0 -10"><span class='ocrx_word' id='word_1_98' title='bbox 346 1225 441 1258; x_wconf 85' lang='lat' dir='ltr'><strong>dent.</strong></span> <span class='ocrx_word' id='word_1_99' title='bbox 493 1224 537 1258; x_wconf 92' lang='lat' dir='ltr'><strong>In</strong></span> <span class='ocrx_word' id='word_1_100' title='bbox 554 1224 610 1257; x_wconf 89' lang='lat' dir='ltr'><strong>his</strong></span> <span class='ocrx_word' id='word_1_101' title='bbox 628 1223 838 1263; x_wconf 88' lang='lat' dir='ltr'><strong>Germanus,</strong></span> <span class='ocrx_word' id='word_1_102' title='bbox 856 1223 1002 1263; x_wconf 86' lang='lat' dir='ltr'><strong>Savaro,</strong></span> <span class='ocrx_word' id='word_1_103' title='bbox 1019 1223 1043 1256; x_wconf 89' lang='lat' dir='ltr'>J</span> <span class='ocrx_word' id='word_1_104' title='bbox 1045 1234 1095 1257; x_wconf 89' lang='lat' dir='ltr'><strong>ac.</strong></span> <span class='ocrx_word' id='word_1_105' title='bbox 1114 1223 1270 1263; x_wconf 85' lang='lat' dir='ltr'><strong>Lectius,</strong></span> <span class='ocrx_word' id='word_1_106' title='bbox 1289 1224 1350 1258; x_wconf 85' lang='lat' dir='ltr'><strong>Fr.</strong></span> <span class='ocrx_word' id='word_1_107' title='bbox 1370 1223 1540 1264; x_wconf 76' lang='lat' dir='ltr'><strong>Tui-etus,</strong></span> <span class='ocrx_word' id='word_1_108' title='bbox 1568 1224 1735 1268; x_wconf 85' lang='lat' dir='ltr'><strong>Baptista</strong></span> 
     </span>
     <span class='ocr_line' id='line_1_15' title="bbox 346 1280 1732 1326; baseline 0 -12"><span class='ocrx_word' id='word_1_109' title='bbox 346 1281 433 1315; x_wconf 86' lang='lat' dir='ltr'><strong>Pius</strong></span> <span class='ocrx_word' id='word_1_110' title='bbox 451 1280 698 1320; x_wconf 90' lang='lat' dir='ltr'><strong>Bononiensis,</strong></span> <span class='ocrx_word' id='word_1_111' title='bbox 717 1284 753 1313; x_wconf 87' lang='lat' dir='ltr'><strong>et</strong></span> <span class='ocrx_word' id='word_1_112' title='bbox 770 1280 842 1320; x_wconf 91' lang='lat' dir='ltr'><strong>alii,</strong></span> <span class='ocrx_word' id='word_1_113' title='bbox 866 1280 947 1314; x_wconf 91' lang='lat' dir='ltr'><strong>licet</strong></span> <span class='ocrx_word' id='word_1_114' title='bbox 971 1280 1003 1314; x_wconf 90' lang='lat' dir='ltr'><strong>ei</strong></span> <span class='ocrx_word' id='word_1_115' title='bbox 1026 1291 1153 1324; x_wconf 86' lang='lat' dir='ltr'><strong>parum</strong></span> <span class='ocrx_word' id='word_1_116' title='bbox 1176 1292 1309 1325; x_wconf 87' lang='lat' dir='ltr'><strong>aequus</strong></span> <span class='ocrx_word' id='word_1_117' title='bbox 1332 1281 1380 1315; x_wconf 87' lang='lat' dir='ltr'><strong>sit</strong></span> <span class='ocrx_word' id='word_1_118' title='bbox 1403 1281 1519 1316; x_wconf 89' lang='lat' dir='ltr'><strong>Lilius</strong></span> <span class='ocrx_word' id='word_1_119' title='bbox 1543 1281 1732 1326; x_wconf 82' lang='lat' dir='ltr'><strong>Gyraldus.</strong></span> 
     </span>
     <span class='ocr_line' id='line_1_16' title="bbox 343 1338 492 1383; baseline 0.013 -12"><span class='ocrx_word' id='word_1_120' title='bbox 343 1338 492 1383; x_wconf 88' lang='lat' dir='ltr'><strong>Scripsit</strong></span> 
     </span>
    </p>
   </div>
   <div class='ocr_carea' id='block_1_5' title="bbox 430 1396 1421 2403">
    <p class='ocr_par' dir='ltr' id='par_1_6' title="bbox 490 1396 1421 1431">
     <span class='ocr_line' id='line_1_17' title="bbox 490 1396 1421 1431; baseline 0.001 -1"><span class='ocrx_word' id='word_1_121' title='bbox 490 1396 546 1430; x_wconf 88' lang='lat' dir='ltr'><strong>De</strong></span> <span class='ocrx_word' id='word_1_122' title='bbox 563 1396 687 1430; x_wconf 87' lang='lat' dir='ltr'><strong>Officio</strong></span> <span class='ocrx_word' id='word_1_123' title='bbox 706 1396 785 1430; x_wconf 93' lang='lat' dir='ltr'><strong>Viri</strong></span> <span class='ocrx_word' id='word_1_124' title='bbox 803 1396 886 1430; x_wconf 89' lang='lat' dir='ltr'><strong>boni</strong></span> <span class='ocrx_word' id='word_1_125' title='bbox 1283 1397 1344 1431; x_wconf 88' lang='lat' dir='ltr'><strong>lib.</strong></span> <span class='ocrx_word' id='word_1_126' title='bbox 1364 1407 1421 1431; x_wconf 86' lang='lat' dir='ltr'><strong>lx.</strong></span> 
     </span>
    </p>

    <p class='ocr_par' dir='ltr' id='par_1_7' title="bbox 488 1452 1420 1716">
     <span class='ocr_line' id='line_1_18' title="bbox 490 1452 1420 1498; baseline 0.002 -12"><span class='ocrx_word' id='word_1_127' title='bbox 490 1453 606 1498; x_wconf 89' lang='lat' dir='ltr'><strong>Super</strong></span> <span class='ocrx_word' id='word_1_128' title='bbox 623 1452 823 1487; x_wconf 84' lang='lat' dir='ltr'><strong>Sententias</strong></span> <span class='ocrx_word' id='word_1_129' title='bbox 1285 1454 1346 1488; x_wconf 86' lang='lat' dir='ltr'><strong>lib.</strong></span> <span class='ocrx_word' id='word_1_130' title='bbox 1366 1463 1420 1488; x_wconf 75' lang='grc' dir='ltr'><strong>Ν.</strong></span> 
     </span>
     <span class='ocr_line' id='line_1_19' title="bbox 489 1509 1389 1555; baseline 0 -11"><span class='ocrx_word' id='word_1_131' title='bbox 489 1511 644 1544; x_wconf 91' lang='lat' dir='ltr'><strong>Oculum</strong></span> <span class='ocrx_word' id='word_1_132' title='bbox 661 1521 779 1545; x_wconf 82' lang='lat' dir='ltr'><strong>sacrae</strong></span> <span class='ocrx_word' id='word_1_133' title='bbox 797 1509 1000 1555; x_wconf 86' lang='lat' dir='ltr'><strong>Scripturae</strong></span> <span class='ocrx_word' id='word_1_134' title='bbox 1282 1511 1343 1544; x_wconf 92' lang='lat' dir='ltr'><strong>lib.</strong></span> <span class='ocrx_word' id='word_1_135' title='bbox 1364 1519 1389 1544; x_wconf 91' lang='lat'><strong>1.</strong></span> 
     </span>
     <span class='ocr_line' id='line_1_20' title="bbox 488 1567 1389 1602; baseline -0.001 0"><span class='ocrx_word' id='word_1_136' title='bbox 488 1567 544 1602; x_wconf 86' lang='lat' dir='ltr'><strong>De</strong></span> <span class='ocrx_word' id='word_1_137' title='bbox 561 1567 734 1602; x_wconf 88' lang='lat' dir='ltr'><strong>Doctrina</strong></span> <span class='ocrx_word' id='word_1_138' title='bbox 1282 1568 1343 1601; x_wconf 93' lang='lat' dir='ltr'><strong>lib.</strong></span> <span class='ocrx_word' id='word_1_139' title='bbox 1363 1577 1389 1601; x_wconf 89' lang='grc' dir='ltr'><strong>Ι.</strong></span> 
     </span>
     <span class='ocr_line' id='line_1_21' title="bbox 490 1624 1397 1670; baseline -0.001 -11"><span class='ocrx_word' id='word_1_140' title='bbox 490 1624 536 1659; x_wconf 93' lang='lat' dir='ltr'><strong>In</strong></span> <span class='ocrx_word' id='word_1_141' title='bbox 554 1625 711 1669; x_wconf 90' lang='lat' dir='ltr'><strong>quinque</strong></span> <span class='ocrx_word' id='word_1_142' title='bbox 729 1624 857 1659; x_wconf 91' lang='lat' dir='ltr'><strong>Libros</strong></span> <span class='ocrx_word' id='word_1_143' title='bbox 875 1624 1014 1670; x_wconf 86' lang='lat' dir='ltr'><strong>Moysis</strong></span> <span class='ocrx_word' id='word_1_144' title='bbox 1278 1625 1340 1659; x_wconf 87' lang='lat' dir='ltr'><strong>lib.</strong></span> <span class='ocrx_word' id='word_1_145' title='bbox 1360 1634 1397 1658; x_wconf 91' lang='lat' dir='ltr'><strong>v.</strong></span> 
     </span>
     <span class='ocr_line' id='line_1_22' title="bbox 491 1681 1387 1716; baseline 0 -1"><span class='ocrx_word' id='word_1_146' title='bbox 491 1681 536 1716; x_wconf 94' lang='lat' dir='ltr'><strong>In</strong></span> <span class='ocrx_word' id='word_1_147' title='bbox 554 1681 702 1715; x_wconf 88' lang='lat' dir='ltr'><strong>Cantica</strong></span> <span class='ocrx_word' id='word_1_148' title='bbox 719 1681 950 1716; x_wconf 89' lang='lat' dir='ltr'><strong>Canticorum</strong></span> <span class='ocrx_word' id='word_1_149' title='bbox 1280 1682 1342 1716; x_wconf 86' lang='lat' dir='ltr'><strong>lib.</strong></span> <span class='ocrx_word' id='word_1_150' title='bbox 1362 1690 1387 1715; x_wconf 93' lang='lat'><strong>1.</strong></span> 
     </span>
    </p>

    <p class='ocr_par' dir='ltr' id='par_1_8' title="bbox 430 1738 1417 2403">
     <span class='ocr_line' id='line_1_23' title="bbox 488 1738 1417 1773; baseline 0 -1"><span class='ocrx_word' id='word_1_151' title='bbox 488 1738 544 1772; x_wconf 95' lang='lat' dir='ltr'><strong>De</strong></span> <span class='ocrx_word' id='word_1_152' title='bbox 562 1738 787 1772; x_wconf 90' lang='lat' dir='ltr'><strong>Poenitentia</strong></span> <span class='ocrx_word' id='word_1_153' title='bbox 1283 1739 1344 1772; x_wconf 92' lang='lat' dir='ltr'><strong>lib.</strong></span> <span class='ocrx_word' id='word_1_154' title='bbox 1364 1747 1417 1773; x_wconf 88' lang='lat' dir='ltr'><strong>1v.</strong></span> 
     </span>
     <span class='ocr_line' id='line_1_24' title="bbox 490 1794 1388 1839; baseline 0.001 -11"><span class='ocrx_word' id='word_1_155' title='bbox 490 1794 546 1828; x_wconf 94' lang='lat' dir='ltr'><strong>De</strong></span> <span class='ocrx_word' id='word_1_156' title='bbox 563 1795 763 1839; x_wconf 87' lang='lat' dir='ltr'><strong>aequivocis</strong></span> <span class='ocrx_word' id='word_1_157' title='bbox 781 1794 947 1839; x_wconf 85' lang='lat' dir='ltr'><strong>Mysticis</strong></span> <span class='ocrx_word' id='word_1_158' title='bbox 1280 1796 1341 1830; x_wconf 90' lang='lat' dir='ltr'><strong>lib.</strong></span> <span class='ocrx_word' id='word_1_159' title='bbox 1361 1805 1388 1829; x_wconf 91' lang='lat'><strong>1.</strong></span> 
     </span>
     <span class='ocr_line' id='line_1_25' title="bbox 490 1850 1387 1886; baseline 0 0"><span class='ocrx_word' id='word_1_160' title='bbox 490 1851 545 1886; x_wconf 91' lang='lat' dir='ltr'><strong>De</strong></span> <span class='ocrx_word' id='word_1_161' title='bbox 564 1851 715 1885; x_wconf 87' lang='lat' dir='ltr'><strong>Planctu</strong></span> <span class='ocrx_word' id='word_1_162' title='bbox 733 1850 894 1885; x_wconf 89' lang='lat' dir='ltr'><strong>Naturae</strong></span> <span class='ocrx_word' id='word_1_163' title='bbox 1279 1852 1341 1886; x_wconf 90' lang='lat' dir='ltr'><strong>lib.</strong></span> <span class='ocrx_word' id='word_1_164' title='bbox 1362 1861 1387 1886; x_wconf 94' lang='lat'><strong>1.</strong></span> 
     </span>
     <span class='ocr_line' id='line_1_26' title="bbox 490 1908 1390 1943; baseline 0 -1"><span class='ocrx_word' id='word_1_165' title='bbox 490 1908 545 1942; x_wconf 93' lang='lat' dir='ltr'><strong>De</strong></span> <span class='ocrx_word' id='word_1_166' title='bbox 563 1909 747 1942; x_wconf 87' lang='lat' dir='ltr'><strong>Parabolis</strong></span> <span class='ocrx_word' id='word_1_167' title='bbox 1283 1909 1344 1943; x_wconf 90' lang='lat' dir='ltr'><strong>lib.</strong></span> <span class='ocrx_word' id='word_1_168' title='bbox 1365 1918 1390 1942; x_wconf 93' lang='lat'><strong>1.</strong></span> 
     </span>
     <span class='ocr_line' id='line_1_27' title="bbox 488 1965 1390 2009; baseline 0 -10"><span class='ocrx_word' id='word_1_169' title='bbox 488 1966 543 2000; x_wconf 92' lang='lat' dir='ltr'><strong>De</strong></span> <span class='ocrx_word' id='word_1_170' title='bbox 560 1965 651 1999; x_wconf 88' lang='lat' dir='ltr'><strong>Arte</strong></span> <span class='ocrx_word' id='word_1_171' title='bbox 668 1965 893 2009; x_wconf 87' lang='lat' dir='ltr'><strong>praedicandi</strong></span> <span class='ocrx_word' id='word_1_172' title='bbox 1282 1966 1343 2000; x_wconf 88' lang='lat' dir='ltr'><strong>lib.</strong></span> <span class='ocrx_word' id='word_1_173' title='bbox 1363 1975 1390 1999; x_wconf 94' lang='lat'><strong>1.</strong></span> 
     </span>
     <span class='ocr_line' id='line_1_28' title="bbox 489 2021 1389 2057; baseline -0.002 0"><span class='ocrx_word' id='word_1_174' title='bbox 489 2023 544 2057; x_wconf 91' lang='lat' dir='ltr'><strong>De</strong></span> <span class='ocrx_word' id='word_1_175' title='bbox 562 2022 711 2057; x_wconf 85' lang='lat' dir='ltr'><strong>Naturis</strong></span> <span class='ocrx_word' id='word_1_176' title='bbox 728 2021 952 2057; x_wconf 85' lang='lat' dir='ltr'><strong>Animalium</strong></span> <span class='ocrx_word' id='word_1_177' title='bbox 1282 2023 1342 2057; x_wconf 85' lang='lat' dir='ltr'><strong>lib.</strong></span> <span class='ocrx_word' id='word_1_178' title='bbox 1365 2032 1389 2056; x_wconf 84' lang='grc' dir='ltr'><strong>ῐ.</strong></span> 
     </span>
     <span class='ocr_line' id='line_1_29' title="bbox 492 2079 1389 2124; baseline 0.001 -11"><span class='ocrx_word' id='word_1_179' title='bbox 492 2079 738 2124; x_wconf 86' lang='lat' dir='ltr'><strong>Epistolarum</strong></span> <span class='ocrx_word' id='word_1_180' title='bbox 1281 2080 1343 2114; x_wconf 86' lang='lat' dir='ltr'><strong>lib.</strong></span> <span class='ocrx_word' id='word_1_181' title='bbox 1363 2089 1389 2113; x_wconf 91' lang='grc' dir='ltr'><strong>Ι.</strong></span> 
     </span>
     <span class='ocr_line' id='line_1_30' title="bbox 491 2137 1388 2177; baseline -0.001 -6"><span class='ocrx_word' id='word_1_182' title='bbox 491 2137 704 2177; x_wconf 86' lang='lat' dir='ltr'><strong>Quodlibeta</strong></span> <span class='ocrx_word' id='word_1_183' title='bbox 1280 2138 1343 2172; x_wconf 87' lang='lat' dir='ltr'><strong>lib.</strong></span> <span class='ocrx_word' id='word_1_184' title='bbox 1363 2146 1388 2171; x_wconf 89' lang='grc' dir='ltr'><strong>Ι.</strong></span> 
     </span>
     <span class='ocr_line' id='line_1_31' title="bbox 488 2193 1386 2229; baseline 0 -1"><span class='ocrx_word' id='word_1_185' title='bbox 488 2194 544 2228; x_wconf 90' lang='lat' dir='ltr'><strong>De</strong></span> <span class='ocrx_word' id='word_1_186' title='bbox 561 2205 623 2228; x_wconf 87' lang='lat' dir='ltr'><strong>sex</strong></span> <span class='ocrx_word' id='word_1_187' title='bbox 640 2193 720 2227; x_wconf 88' lang='lat' dir='ltr'><strong>Alis</strong></span> <span class='ocrx_word' id='word_1_188' title='bbox 738 2193 932 2228; x_wconf 89' lang='lat' dir='ltr'><strong>Cherubim</strong></span> <span class='ocrx_word' id='word_1_189' title='bbox 1278 2195 1339 2229; x_wconf 92' lang='lat' dir='ltr'><strong>lib.</strong></span> <span class='ocrx_word' id='word_1_190' title='bbox 1359 2203 1386 2228; x_wconf 93' lang='lat'><strong>1.</strong></span> 
     </span>
     <span class='ocr_line' id='line_1_32' title="bbox 470 2250 1389 2287; baseline 0.001 -3"><span class='ocrx_word' id='word_1_191' title='bbox 470 2276 472 2278; x_wconf 29' lang='lat' dir='ltr'>v</span> <span class='ocrx_word' id='word_1_192' title='bbox 491 2251 547 2285; x_wconf 88' lang='lat' dir='ltr'><strong>De</strong></span> <span class='ocrx_word' id='word_1_193' title='bbox 565 2250 713 2284; x_wconf 89' lang='lat' dir='ltr'><strong>Summa</strong></span> <span class='ocrx_word' id='word_1_194' title='bbox 728 2250 917 2285; x_wconf 89' lang='lat' dir='ltr'><strong>Virtutum</strong></span> <span class='ocrx_word' id='word_1_195' title='bbox 935 2257 970 2286; x_wconf 90' lang='lat' dir='ltr'><strong>et</strong></span> <span class='ocrx_word' id='word_1_196' title='bbox 987 2251 1169 2287; x_wconf 83' lang='lat' dir='ltr'><strong>Vitiorum</strong></span> <span class='ocrx_word' id='word_1_197' title='bbox 1280 2251 1342 2286; x_wconf 91' lang='lat' dir='ltr'><strong>lib.</strong></span> <span class='ocrx_word' id='word_1_198' title='bbox 1362 2260 1389 2285; x_wconf 94' lang='lat'><strong>1.</strong></span> 
     </span>
     <span class='ocr_line' id='line_1_33' title="bbox 492 2308 1385 2352; baseline 0 -10"><span class='ocrx_word' id='word_1_199' title='bbox 492 2308 678 2342; x_wconf 89' lang='lat' dir='ltr'><strong>Sermones</strong></span> <span class='ocrx_word' id='word_1_200' title='bbox 695 2309 815 2352; x_wconf 87' lang='lat' dir='ltr'><strong>plures</strong></span> <span class='ocrx_word' id='word_1_201' title='bbox 1279 2308 1340 2342; x_wconf 90' lang='lat' dir='ltr'><strong>lib.</strong></span> <span class='ocrx_word' id='word_1_202' title='bbox 1359 2317 1385 2342; x_wconf 90' lang='lat'><strong>1.</strong></span> 
     </span>
     <span class='ocr_line' id='line_1_34' title="bbox 430 2364 1386 2403; baseline 0 -5"><span class='ocrx_word' id='word_1_203' title='bbox 430 2401 433 2403; x_wconf 65' lang='grc'><em>,</em></span> <span class='ocrx_word' id='word_1_204' title='bbox 492 2364 773 2399; x_wconf 87' lang='lat' dir='ltr'><strong>Commentarios</strong></span> <span class='ocrx_word' id='word_1_205' title='bbox 791 2365 829 2399; x_wconf 90' lang='lat' dir='ltr'><strong>in</strong></span> <span class='ocrx_word' id='word_1_206' title='bbox 847 2364 966 2400; x_wconf 88' lang='lat' dir='ltr'><strong>Biblia</strong></span> <span class='ocrx_word' id='word_1_207' title='bbox 983 2376 1081 2401; x_wconf 88' lang='lat' dir='ltr'><strong>sacra</strong></span> <span class='ocrx_word' id='word_1_208' title='bbox 1279 2365 1341 2399; x_wconf 89' lang='lat' dir='ltr'><strong>lib.</strong></span> <span class='ocrx_word' id='word_1_209' title='bbox 1361 2374 1386 2398; x_wconf 93' lang='lat'><strong>1.</strong></span> 
     </span>
    </p>
   </div>
   <div class='ocr_carea' id='block_1_6' title="bbox 493 2421 1385 2468">
    <p class='ocr_par' dir='ltr' id='par_1_9' title="bbox 493 2421 1385 2468">
     <span class='ocr_line' id='line_1_35' title="bbox 493 2421 1385 2468; baseline 0 -12"><span class='ocrx_word' id='word_1_210' title='bbox 493 2421 662 2457; x_wconf 83' lang='lat' dir='ltr'><strong>Lecturas</strong></span> <span class='ocrx_word' id='word_1_211' title='bbox 680 2422 719 2456; x_wconf 94' lang='lat' dir='ltr'><strong>in</strong></span> <span class='ocrx_word' id='word_1_212' title='bbox 737 2421 935 2468; x_wconf 83' lang='lat' dir='ltr'><strong>Prophetas</strong></span> <span class='ocrx_word' id='word_1_213' title='bbox 1279 2422 1340 2457; x_wconf 91' lang='lat' dir='ltr'><strong>lib.</strong></span> <span class='ocrx_word' id='word_1_214' title='bbox 1359 2430 1385 2456; x_wconf 85' lang='lat'><strong>1.</strong></span> 
     </span>
    </p>
   </div>
  </div>
 </body>
</html>
