2032 2912
334 320 396 350 152
718 315 949 348 HISTORIA
973 315 1347 348 ECCLESIASTICA

333 426 413 459 pag.
434 420 633 447 CCXXX1v.
652 410 758 445 Alius
777 415 831 445 est
849 410 1042 456 Conganus
1061 411 1180 450 abbas,
1199 412 1304 457 cujus
1332 411 1479 446 hortatu
1499 411 1546 445 D.
1575 411 1728 446 Bernar-

332 473 397 505 ‹lus
417 471 527 503 vitam
551 468 586 502 S.
612 468 811 502 Malachiae
835 469 1055 502 scribendam
1081 470 1246 514 suscepit,
1273 474 1315 504 ut
1338 470 1415 514 ipse
1439 470 1477 503 in
1502 469 1723 514 praefatione

330 528 526 572 profitetur.
579 525 721 560 Colitur
738 535 860 560 XXIV.
880 526 1056 561 Novemb.

639 641 674 676 S.
703 641 1005 676 CONGELLUS
1032 642 1272 677 FAUSTUS.
1325 645 1409 677 254.

327 763 347 777 ‘⁶
358 757 393 800 S.
404 758 657 792 CONGELLUS
673 758 889 799 Scotus‚’'ait
896 758 1077 793 Antonius
1085 759 1301 793 Possevinus
1313 763 1399 794 tom.
1409 769 1433 794 1.
1441 759 1617 805 Apparat.
1628 761 1724 795 Sacr.

322 827 403 862 pag.
420 824 595 850 CCCXLv.
616 821 637 836 ‘⁶
651 821 775 850 auctor
787 817 1073 862 congregationis
1088 816 1381 851 Benchorensis.”
1434 817 1724 864 Cognomentum

324 874 355 908 ei
381 874 549 908 Faustus.
578 874 724 908 Plenius
751 874 937 908 Notkerus
964 873 1139 908 Balbulus
1164 874 1200 907 in
1230 874 1504 920 Martyrologio,
1530 876 1592 910 ubi
1619 877 1662 909 de
1689 876 1725 910 S.

323 932 567 966 Columbano:
592 936 613 951 “
627 931 699 971 Qui
718 943 797 965 cum
810 933 983 976 plurimos
1002 932 1195 976 discipulos
1214 933 1270 965 vel
1288 932 1401 966 socios
1420 933 1621 967 sanctitatis
1640 945 1724 968 suae

321 1001 490 1034 suppares
509 989 704 1030 habuisset,
733 1001 845 1023 unum
873 994 1003 1029 tamen,
1033 988 1245 1035 Congellum
1267 990 1411 1030 scilicet,
1435 989 1566 1024 Latine
1596 991 1724 1025 Fausti

320 1048 464 1082 nomine
482 1048 669 1087 illustrem,
693 1052 958 1092 praeceptorem
982 1047 1177 1081 beatissimi
1206 1047 1432 1088 Columbani,
1462 1049 1639 1094 magistri,
1664 1050 1725 1084 do-

319 1106 418 1146 mini,
437 1110 472 1139 et
490 1105 602 1150 patris
621 1105 735 1139 nostri
754 1104 859 1144 Galli,
879 1105 1057 1139 virtutum
1075 1116 1115 1138 ac
1133 1105 1343 1139 meritorum
1362 1117 1509 1140 suorum
1524 1108 1626 1152 quasi
1643 1108 1724 1142 uni-

319 1175 410 1204 cum,
430 1165 592 1208 exemplo
611 1163 722 1203 Isaac,
741 1163 887 1208 reliquit
904 1163 1124 1197 haeredem.'’
1165 1162 1351 1198 Arnoldus
1369 1163 1492 1198 Uvion
1507 1165 1568 1199 lib.
1585 1175 1627 1200 11.
1641 1165 1722 1212 Lig.

318 1221 394 1256 Vit.
414 1233 490 1266 cap.
512 1230 626 1255 LXIV.
655 1226 677 1241 “
694 1221 740 1255 D.
760 1221 952 1267 Congellus
971 1220 1108 1261 Seotus,
1133 1221 1241 1255 abbas
1266 1221 1539 1263 Benchorensis‚
1566 1227 1602 1258 et
1626 1224 1723 1258 illius

319 1279 605 1325 congregationis
632 1280 788 1313 auctor.'‘
840 1278 1072 1313 Academiam
1098 1278 1385 1313 Benchorensem
1403 1279 1441 1313 in
1459 1282 1722 1316 monasterium

318 1342 488 1377 mutasse,
507 1338 616 1371 stulte
634 1337 745 1371 tradit
762 1336 916 1371 Jacobus
943 1335 1240 1381 Middendorpius
1265 1337 1326 1371 lib.
1348 1346 1410 1371 111.
1437 1337 1481 1372 de
1502 1337 1718 1374 Academiis.

317 1394 410 1440 Ejus
428 1399 530 1429 sunt:

464 1452 657 1499 Regularis
675 1452 782 1487 Vitae
801 1451 995 1486 Methodus
1312 1453 1373 1488 lib.
1396 1463 1420 1487 1.

463 1510 524 1544 Ad
542 1509 804 1545 Coenobiorum
823 1510 950 1544 Patres
1313 1512 1375 1546 lib.
1397 1521 1421 1545 1.

462 1567 649 1612 Epistolae
667 1570 787 1613 plures
1312 1570 1373 1603 lib.
1394 1579 1419 1603 1.

362 1625 528 1666 Vivebat,
547 1626 741 1660 secundum
760 1626 945 1670 quosdam,
964 1636 1058 1660 anno
1077 1634 1283 1660 DCLXXXI.
1309 1627 1406 1672 quod
1429 1626 1561 1661 falsum
1580 1639 1656 1662 esse
1675 1640 1719 1663 ex

314 1697 353 1719 eo
372 1685 597 1719 convincitur
613 1685 709 1729 quod
729 1684 764 1718 S.
785 1684 998 1718 Columbani
1017 1683 1127 1717 fuerit
1144 1689 1362 1728 praeceptor,
1381 1685 1443 1729 qui
1463 1685 1500 1719 in
1519 1685 1638 1720 Scotia
1659 1698 1719 1720 ex-

313 1743 428 1783 cessit,
447 1748 488 1777 ut
506 1754 615 1787 supra
632 1742 826 1787 probabam
850 1742 916 1776 hoc
939 1753 1055 1786 opere,
1081 1752 1175 1775 anno
1199 1750 1398 1776 DXXXVII.
1426 1754 1535 1787 quare
1554 1755 1595 1778 ea
1621 1748 1718 1778 aetas

312 1802 430 1835 verior
443 1801 533 1835 erit:
553 1801 696 1845 quando
714 1804 777 1834 aut
795 1799 857 1834 ubi
876 1800 1016 1840 obierit,
1035 1811 1107 1833 non
1125 1800 1253 1844 reperi.
1298 1799 1333 1833 S.
1356 1800 1551 1835 Columbae
1569 1813 1717 1836 consan—

311 1859 463 1905 guineus
481 1859 562 1893 fuit.
605 1858 640 1891 S.
660 1857 838 1892 Adaman.
858 1858 919 1892 lib.
943 1867 1003 1892 111.
1022 1858 1098 1893 Vit.
1119 1857 1156 1892 S.
1180 1858 1344 1892 Columb.
1366 1869 1441 1903 cap.
1463 1868 1567 1893 xvn.
1594 1858 1718 1895 Abbas

314 1917 532 1957 monasterii,
551 1916 647 1961 quod
665 1906 817 1950 Cam-bas
835 1916 967 1950 dicitur
988 1917 1103 1950 eidem
1126 1916 1187 1950 lib.
1209 1926 1233 1950 Ι.
1265 1927 1341 1960 cap.
1362 1925 1483 1951 XXXI.
1512 1921 1548 1951 et
1573 1923 1721 1953 sanctus·

312 1975 610 2009 monasteriorum
642 1974 823 2009 fundator.
867 1974 967 2008 Idem
994 1974 1055 2009 lib.
1083 1983 1143 2008 111.
1171 1985 1246 2019 cap.
1275 1983 1365 2009 XXI.
1404 1974 1546 2009 Colitur
1573 1985 1613 2010 X.
1643 1985 1716 2010 XII.

314 2032 414 2066 Maii.
459 2032 604 2066 Calend.
625 2031 741 2079 Regii.

767 2132 802 2166 S.
831 2131 1114 2167 COLMOCUS.
1168 2134 1252 2166 255.

318 2205 353 2239 S.
382 2205 604 2240 CoLMocns
631 2207 828 2251 episcopus,
855 2217 993 2241 summa
1026 2207 1234 2254 integritate
1264 2207 1372 2248 vitae,
1402 2207 1535 2242 civium
1563 2219 1714 2242 suorum

312 2263 402 2297 vitia
432 2264 631 2298 admirabili
662 2265 826 2298 libertate
860 2265 1010 2309 carpsit;
1048 2269 1085 2299 at
1120 2276 1200 2299 cum
1236 2265 1289 2299 illi
1324 2266 1461 2300 nollent
1496 2266 1713 2310 resipiscere,

311 2332 423 2364 neque
459 2321 503 2354 ad
538 2321 666 2355 bonam
701 2322 843 2368 frugem
877 2323 1003 2363 redire,
1044 2323 1337 2357 comminationes
1374 2323 1541 2358 effectum
1575 2324 1713 2369 gravis-

310 2378 439 2412 simum
476 2378 634 2420 sortitae,
671 2380 842 2425 gliscente
878 2381 1011 2414 crudeli
1046 2381 1139 2415 bello
1173 2381 1270 2415 civili
1305 2381 1400 2416 inter
1432 2381 1710 2416 Constantinum

310 2447 427 2482 regem
447 2441 482 2470 et
506 2436 737 2471 Malcolmum
759 2437 940 2473 Kennethi
958 2438 1052 2484 regis
1073 2438 1197 2473 filium.
1250 2433 1343 2484 Ejus
1362 2444 1472 2473 sunt:
