2032 2912
357 317 399 347 52
726 309 956 345 HISTORIA
979 306 1350 340 ECCLESIASTICA

409 407 560 443 Vivebat
578 405 786 440 vilissimum
803 403 1011 437 ultimorum
1028 400 1203 436 artificum
1221 400 1462 445 opprobrium,
1476 411 1570 435 anno
1585 409 1737 435 MDLXI.

361 465 464 500 Tales
483 464 622 502 Paulos,
646 472 726 495 cara
748 471 826 495 mea
849 458 978 500 Scotia,
1002 459 1122 504 lapsus
1144 458 1199 493 tui
1222 458 1328 493 duces
1351 457 1520 500 habuisti,
1546 457 1608 504 qui
1631 458 1738 493 etiam

360 520 475 555 viliori
492 519 585 564 plebi
601 518 718 553 forent
734 516 971 551 erubescendi.

674 621 960 666 ANONYMUS
987 630 1303 667 HISTORICUS.
1355 631 1415 667 86.

358 748 624 783 ALEXANDRO
651 746 720 782 ΙΙΙ.
748 751 769 766 “
792 756 873 792 rege
896 745 1083 786 declarato,
1109 756 1150 780 ac
1172 756 1272 780 sacro
1296 744 1475 790 peracto?
1500 745 1552 781 ait
1576 744 1626 779 H.
1650 744 1742 780 Boe-

359 805 455 839 thius
472 805 532 839 lib.
551 813 643 838 xnI.
663 804 759 838 Hist.
778 803 870 838 Scot.
890 814 971 848 pag.
990 810 1201 837 CCLXXXV.
1225 806 1247 823 ‘⁶
1265 802 1411 836 accessit
1427 802 1473 836 ad
1490 813 1572 837 eum
1590 802 1647 836 vir
1663 801 1742 847 qui-

361 861 442 896 dam
470 862 566 897 haud
595 861 742 907 ignobili
767 871 894 906 genere
919 863 1036 900 natus,
1067 864 1237 894 montana
1267 858 1405 893 Scotiae
1435 858 1652 899 inhabitans,
1679 859 1741 904 qui

359 923 558 953 contextam
576 930 597 953 a
613 929 650 952 se
666 917 907 964 genealogiam
924 927 1050 962 regum
1067 916 1205 950 Scotiae
1221 916 1393 956 omnium,
1412 916 1457 950 ad
1478 920 1661 961 parentem
1685 926 1743 950 us·

359 986 427 1020 que
444 976 559 1021 gentis
578 974 779 1012 Gathelum,
797 973 1001 1007 memoriter
1018 973 1203 1014 recitavit3
1229 983 1335 1018 quem
1360 983 1423 1007 rex
1442 973 1660 1018 amplissime
1682 972 1744 1007 do-

357 1037 480 1066 natum
499 1043 542 1066 ex
559 1031 703 1066 consilio
719 1030 997 1076 gubernatorum
1011 1031 1157 1065 domum
1171 1030 1340 1065 dimisit-'²
1381 1029 1567 1076 Anonymi
1580 1041 1665 1077 ergo
1678 1030 1744 1064 hu-

354 1089 415 1135 jus
431 1089 602 1133 scriptum
620 1092 706 1129 erat,

504 1144 719 1191 Genealogia
736 1144 875 1190 Regum
895 1144 1054 1179 omnium
1073 1143 1221 1185 Scotiae,
1245 1148 1341 1179 retro
1366 1143 1411 1178 ad
1434 1143 1639 1184 Gathelum,
1663 1142 1744 1177 Sco-

551 1207 608 1236 tae
626 1202 822 1236 Pharaonis
840 1201 931 1235 filiae
949 1202 1129 1242 maritum,
1340 1201 1401 1236 lib.
1422 1209 1448 1235 ῐ.

410 1258 563 1295 Vivebat
580 1259 638 1293 hic
655 1270 748 1293 anno
766 1266 983 1293 mceLxxx.

740 1373 1028 1409 ANONYMUS
1053 1374 1237 1410 POETA.
1291 1376 1351 1413 87.

363 1487 591 1522 EDUARDUS
621 1500 664 1523 ex
689 1487 834 1535 Angue,
862 1489 918 1523 cui
945 1500 966 1522 a
990 1488 1126 1535 Longis
1157 1488 1274 1523 Tibiis
1308 1492 1583 1535 cognomentum
1613 1488 1745 1533 posteri

362 1551 580 1590 acceperunt,
608 1545 729 1580 hostili
755 1546 873 1580 animo
899 1546 1079 1592 ingressus
1106 1546 1273 1587 Scotiam,
1300 1546 1560 1580 Carmelitanae
1586 1544 1742 1579 familiae

363 1603 536 1649 quendam
555 1603 765 1637 monachum
784 1614 901 1637 secum
919 1603 1079 1644 adduxit,
1097 1604 1159 1648 qui
1178 1604 1412 1638 conscriberet

506 1659 790 1694 Destructionem
809 1659 946 1693 Scotiae
1337 1660 1398 1695 lib.
1419 1669 1445 1694 1.

505 1716 701 1750 Victoriam
718 1715 920 1762 Anglorum
1340 1717 1401 1751 lib.
1422 1726 1448 1750 1.

360 1774 412 1809 At
441 1784 521 1808 cum
548 1773 592 1807 ad
622 1772 862 1806 Bannocburn
891 1784 913 1806 a
943 1773 1100 1808 Roberto
1130 1774 1263 1808 Brusio
1290 1773 1428 1808 Scotiae
1458 1785 1541 1819 rege
1567 1782 1603 1807 L.
1631 1774 1744 1808 millia

361 1831 560 1877 Anglorum
584 1841 694 1870 caesa,
720 1833 756 1863 et
782 1838 842 1863 cc.
869 1830 1005 1874 equites
1031 1830 1147 1864 aurati
1172 1830 1357 1875 perempti,
1383 1835 1419 1865 et
1446 1830 1639 1865 secundum
1666 1841 1743 1865 eam

360 1888 490 1922 cladem
514 1887 643 1932 exigua
666 1887 796 1931 scapha
821 1898 885 1921 rex
909 1886 1102 1921 Eduardus
1126 1887 1297 1933 Angliam
1323 1887 1534 1932 repetiisset,
1560 1887 1656 1922 idem
1683 1887 1742 1922 ille

361 1944 630 1984 Carmelitanus‚
644 1944 750 1990 jussu
768 1943 929 1984 Roberti,
946 1945 1040 1989 stylo
1058 1955 1227 1979 converso
1251 1944 1451 1988 posteritati
1475 1944 1646 1989 prodidit,
1670 1945 1746 1980 bar-

361 2001 445 2036 baro
462 2001 603 2045 quidem
620 2001 692 2041 illo,
715 2000 775 2034 sed
792 2000 845 2034 illi
863 2001 979 2034 seculo
996 2000 1270 2046 haudquaquam
1289 2002 1557 2043 contemnendo,

505 2057 690 2091 Scotorum
709 2055 905 2092 Victoriam
1342 2058 1404 2093 lib.
1424 2067 1449 2092 1.

410 2114 516 2148 Hunc
533 2113 644 2160 Angli
661 2114 792 2148 illustri
809 2115 885 2148 loco
907 2119 1031 2149 natum
1056 2125 1166 2160 prope
1191 2114 1461 2162 Notingamiam
1484 2116 1600 2158 aiunt,
1626 2121 1661 2152 et
1685 2128 1746 2153 no-

363 2183 443 2206 meu
456 2171 487 2204 ei
500 2171 609 2205 fuisse
622 2171 819 2206 Robertum
832 2171 1045 2206 Bastonium
1061 2182 1071 2212 ;
1091 2172 1249 2207 coenobii
1264 2172 1537 2220 Scarburgensis
1555 2174 1662 2209 etiam
1676 2176 1747 2219 pri·

364 2239 459 2262 orem
484 2228 629 2262 faciunt.
681 2228 785 2262 Hanc
810 2228 969 2275 fugiente
994 2227 1196 2275 Anglorum
1221 2241 1304 2277 rege.
1330 2229 1502 2265 Eduardo
1520 2232 1653 2266 cladem
1670 2232 1747 2268 An-

364 2285 441 2331 glos
458 2285 639 2328 accepisse,
657 2297 727 2319 non
744 2286 849 2320 modo
866 2285 889 2319 J
891 2297 1022 2320 oannes
1040 2285 1276 2328 Balendenus‚
1294 2292 1330 2322 et
1346 2287 1370 2321 J
1372 2299 1504 2323 oannes
1519 2288 1650 2335 Major,
1664 2288 1746 2324 Sco-

365 2342 462 2386 tique
487 2341 546 2374 alii
570 2342 607 2375 in
631 2343 815 2377 annalibus
839 2343 912 2377 suis
936 2343 1107 2383 scribunt,
1133 2344 1194 2378 sed
1219 2349 1255 2379 et
1280 2344 1440 2380 Thomas
1466 2346 1509 2380 de
1533 2346 1568 2380 la
1586 2345 1691 2380 Moor
1708 2347 1746 2380 in

365 2397 533 2432 Eduardo
550 2397 599 2432 ΙΙ.
617 2400 731 2445 gentis
749 2410 833 2435 suae
850 2404 1005 2446 stragem
1023 2400 1192 2445 loquitur.
1246 2401 1358 2438 Porro
1382 2402 1531 2438 Roberti
1548 2403 1652 2448 plura
1669 2412 1747 2448 ope-
