<?xml version="1.0" encoding="UTF-8"?>
<!DOCTYPE html PUBLIC "-//W3C//DTD XHTML 1.0 Transitional//EN"
    "http://www.w3.org/TR/xhtml1/DTD/xhtml1-transitional.dtd">
<html xmlns="http://www.w3.org/1999/xhtml" xml:lang="en" lang="en">
 <head>
  <title>
</title>
<meta http-equiv="Content-Type" content="text/html;charset=utf-8" />
  <meta name='ocr-system' content='tesseract 3.04.00' />
  <meta name='ocr-capabilities' content='ocr_page ocr_carea ocr_par ocr_line ocrx_word'/>
</head>
<body>
  <div class='ocr_page' id='page_1' title='image "./thomaedempste2101dempuoft_0160.png"; bbox 0 0 2032 2912; ppageno 0'>
   <div class='ocr_carea' id='block_1_1' title="bbox 337 293 1346 335">
    <p class='ocr_par' dir='ltr' id='par_1_1' title="bbox 337 293 1346 335">
     <span class='ocr_line' id='line_1_1' title="bbox 337 293 1346 335; baseline -0.008 -1"><span class='ocrx_word' id='word_1_1' title='bbox 337 302 380 335; x_wconf 87' lang='grc'><strong>98</strong></span> <span class='ocrx_word' id='word_1_2' title='bbox 718 295 948 333; x_wconf 88' lang='lat' dir='ltr'><strong>HISTORIA</strong></span> <span class='ocrx_word' id='word_1_3' title='bbox 970 293 1346 329; x_wconf 80' lang='lat' dir='ltr'><strong>ECCLESIASTICA</strong></span> 
     </span>
    </p>
   </div>
   <div class='ocr_carea' id='block_1_2' title="bbox 336 386 1732 954">
    <p class='ocr_par' dir='ltr' id='par_1_2' title="bbox 336 386 1732 954">
     <span class='ocr_line' id='line_1_2' title="bbox 340 386 1730 440; baseline -0.006 -10"><span class='ocrx_word' id='word_1_4' title='bbox 340 395 515 440; x_wconf 87' lang='lat' dir='ltr'><strong>Apostata</strong></span> <span class='ocrx_word' id='word_1_5' title='bbox 539 392 703 431; x_wconf 88' lang='lat' dir='ltr'><strong>Balaeus,</strong></span> <span class='ocrx_word' id='word_1_6' title='bbox 733 401 814 425; x_wconf 89' lang='lat' dir='ltr'><strong>cum</strong></span> <span class='ocrx_word' id='word_1_7' title='bbox 843 399 982 434; x_wconf 88' lang='lat' dir='ltr'><strong>semper</strong></span> <span class='ocrx_word' id='word_1_8' title='bbox 1011 388 1103 423; x_wconf 86' lang='lat' dir='ltr'><strong>male</strong></span> <span class='ocrx_word' id='word_1_9' title='bbox 1131 389 1176 423; x_wconf 88' lang='lat' dir='ltr'><strong>de</strong></span> <span class='ocrx_word' id='word_1_10' title='bbox 1205 386 1427 424; x_wconf 80' lang='lat' dir='ltr'><strong>nostratibus</strong></span> <span class='ocrx_word' id='word_1_11' title='bbox 1455 391 1492 423; x_wconf 91' lang='lat' dir='ltr'><strong>et</strong></span> <span class='ocrx_word' id='word_1_12' title='bbox 1521 388 1670 423; x_wconf 80' lang='lat' dir='ltr'>senserit</span> <span class='ocrx_word' id='word_1_13' title='bbox 1696 394 1730 422; x_wconf 83' lang='lat' dir='ltr'><strong>et</strong></span> 
     </span>
     <span class='ocr_line' id='line_1_3' title="bbox 340 444 1731 496; baseline -0.006 -9"><span class='ocrx_word' id='word_1_14' title='bbox 340 451 528 496; x_wconf 85' lang='lat' dir='ltr'><strong>scripserit,</strong></span> <span class='ocrx_word' id='word_1_15' title='bbox 562 449 657 484; x_wconf 90' lang='lat' dir='ltr'><strong>hunc</strong></span> <span class='ocrx_word' id='word_1_16' title='bbox 686 453 806 483; x_wconf 88' lang='lat' dir='ltr'><strong>tamen</strong></span> <span class='ocrx_word' id='word_1_17' title='bbox 835 458 901 482; x_wconf 89' lang='lat' dir='ltr'><strong>suo</strong></span> <span class='ocrx_word' id='word_1_18' title='bbox 931 446 1089 481; x_wconf 91' lang='lat' dir='ltr'><strong>encomio</strong></span> <span class='ocrx_word' id='word_1_19' title='bbox 1122 445 1288 481; x_wconf 86' lang='lat' dir='ltr'><strong>fraudare</strong></span> <span class='ocrx_word' id='word_1_20' title='bbox 1321 455 1395 480; x_wconf 89' lang='lat' dir='ltr'><strong>non</strong></span> <span class='ocrx_word' id='word_1_21' title='bbox 1428 444 1612 484; x_wconf 81' lang='lat' dir='ltr'><strong>sustinuit,</strong></span> <span class='ocrx_word' id='word_1_22' title='bbox 1647 456 1731 479; x_wconf 89' lang='lat' dir='ltr'><strong>nam</strong></span> 
     </span>
     <span class='ocr_line' id='line_1_4' title="bbox 340 501 1732 548; baseline -0.005 -5"><span class='ocrx_word' id='word_1_23' title='bbox 340 507 498 543; x_wconf 89' lang='lat' dir='ltr'><strong>centuria</strong></span> <span class='ocrx_word' id='word_1_24' title='bbox 518 515 605 541; x_wconf 81' lang='lat' dir='ltr'>XIV.</span> <span class='ocrx_word' id='word_1_25' title='bbox 632 516 781 540; x_wconf 90' lang='lat' dir='ltr'><strong>numero</strong></span> <span class='ocrx_word' id='word_1_26' title='bbox 803 512 889 539; x_wconf 91' lang='lat' dir='ltr'>LXI.</span> <span class='ocrx_word' id='word_1_27' title='bbox 917 507 939 524; x_wconf 89' lang='lat'><strong>“</strong></span> <span class='ocrx_word' id='word_1_28' title='bbox 955 502 1131 538; x_wconf 86' lang='lat' dir='ltr'><strong>Boethius</strong></span> <span class='ocrx_word' id='word_1_29' title='bbox 1152 503 1191 537; x_wconf 89' lang='lat' dir='ltr'><strong>in</strong></span> <span class='ocrx_word' id='word_1_30' title='bbox 1212 502 1309 538; x_wconf 89' lang='lat' dir='ltr'><strong>omni</strong></span> <span class='ocrx_word' id='word_1_31' title='bbox 1332 501 1577 548; x_wconf 85' lang='lat' dir='ltr'><strong>philosophiae</strong></span> <span class='ocrx_word' id='word_1_32' title='bbox 1597 513 1638 537; x_wconf 89' lang='lat' dir='ltr'><strong>ac</strong></span> <span class='ocrx_word' id='word_1_33' title='bbox 1655 503 1732 537; x_wconf 85' lang='lat' dir='ltr'><strong>the-</strong></span> 
     </span>
     <span class='ocr_line' id='line_1_5' title="bbox 339 559 1728 611; baseline -0.004 -11"><span class='ocrx_word' id='word_1_34' title='bbox 339 565 473 611; x_wconf 86' lang='lat' dir='ltr'><strong>ologiae</strong></span> <span class='ocrx_word' id='word_1_35' title='bbox 486 563 712 599; x_wconf 85' lang='lat' dir='ltr'><strong>scholasticae</strong></span> <span class='ocrx_word' id='word_1_36' title='bbox 725 562 926 609; x_wconf 85' lang='lat' dir='ltr'><strong>cognitione</strong></span> <span class='ocrx_word' id='word_1_37' title='bbox 939 560 1076 596; x_wconf 85' lang='lat' dir='ltr'><strong>affatim</strong></span> <span class='ocrx_word' id='word_1_38' title='bbox 1090 560 1284 595; x_wconf 84' lang='lat' dir='ltr'><strong>eruditus.’&#39;</strong></span> <span class='ocrx_word' id='word_1_39' title='bbox 1322 559 1468 595; x_wconf 89' lang='lat' dir='ltr'><strong>Centur.</strong></span> <span class='ocrx_word' id='word_1_40' title='bbox 1484 560 1616 601; x_wconf 86' lang='lat' dir='ltr'><strong>eadem,</strong></span> <span class='ocrx_word' id='word_1_41' title='bbox 1630 571 1728 595; x_wconf 90' lang='lat' dir='ltr'><strong>num.</strong></span> 
     </span>
     <span class='ocr_line' id='line_1_6' title="bbox 339 616 1730 667; baseline -0.004 -9"><span class='ocrx_word' id='word_1_42' title='bbox 339 630 547 658; x_wconf 78' lang='lat' dir='ltr'>LXXXVIII.</span> <span class='ocrx_word' id='word_1_43' title='bbox 564 625 585 641; x_wconf 79' lang='lat'><strong>‘⁶</strong></span> <span class='ocrx_word' id='word_1_44' title='bbox 596 620 753 667; x_wconf 86' lang='lat' dir='ltr'><strong>Insignis</strong></span> <span class='ocrx_word' id='word_1_45' title='bbox 764 619 950 655; x_wconf 85' lang='lat' dir='ltr'><strong>Scotorum</strong></span> <span class='ocrx_word' id='word_1_46' title='bbox 963 617 1287 665; x_wconf 86' lang='lat' dir='ltr'><strong>chronographus.&#39;’</strong></span> <span class='ocrx_word' id='word_1_47' title='bbox 1305 616 1357 652; x_wconf 88' lang='lat' dir='ltr'><strong>Et</strong></span> <span class='ocrx_word' id='word_1_48' title='bbox 1366 618 1473 663; x_wconf 88' lang='lat' dir='ltr'><strong>paulo</strong></span> <span class='ocrx_word' id='word_1_49' title='bbox 1483 622 1579 663; x_wconf 83' lang='lat' dir='ltr'><strong>post:</strong></span> <span class='ocrx_word' id='word_1_50' title='bbox 1595 622 1616 637; x_wconf 89' lang='lat'><strong><em>“</em></strong></span> <span class='ocrx_word' id='word_1_51' title='bbox 1627 617 1730 663; x_wconf 86' lang='lat' dir='ltr'><strong>Mag-</strong></span> 
     </span>
     <span class='ocr_line' id='line_1_7' title="bbox 337 675 1730 724; baseline -0.005 -9"><span class='ocrx_word' id='word_1_52' title='bbox 337 691 424 715; x_wconf 89' lang='lat' dir='ltr'><strong>num</strong></span> <span class='ocrx_word' id='word_1_53' title='bbox 438 689 526 724; x_wconf 91' lang='lat' dir='ltr'><strong>opus</strong></span> <span class='ocrx_word' id='word_1_54' title='bbox 539 678 583 713; x_wconf 89' lang='lat' dir='ltr'><strong>de</strong></span> <span class='ocrx_word' id='word_1_55' title='bbox 595 677 781 713; x_wconf 90' lang='lat' dir='ltr'><strong>Scotorum</strong></span> <span class='ocrx_word' id='word_1_56' title='bbox 794 676 989 712; x_wconf 88' lang='lat' dir='ltr'><strong>Historia.”</strong></span> <span class='ocrx_word' id='word_1_57' title='bbox 1015 675 1162 711; x_wconf 84' lang='lat' dir='ltr'><strong>centur.</strong></span> <span class='ocrx_word' id='word_1_58' title='bbox 1174 675 1306 716; x_wconf 88' lang='lat' dir='ltr'><strong>eadem,</strong></span> <span class='ocrx_word' id='word_1_59' title='bbox 1318 686 1418 710; x_wconf 87' lang='lat' dir='ltr'><strong>num.</strong></span> <span class='ocrx_word' id='word_1_60' title='bbox 1430 683 1528 710; x_wconf 75' lang='lat' dir='ltr'>LXV.</span> <span class='ocrx_word' id='word_1_61' title='bbox 1539 675 1658 710; x_wconf 88' lang='lat' dir='ltr'><strong>virum</strong></span> <span class='ocrx_word' id='word_1_62' title='bbox 1670 686 1730 709; x_wconf 90' lang='lat' dir='ltr'><strong>vo-</strong></span> 
     </span>
     <span class='ocr_line' id='line_1_8' title="bbox 337 732 1730 778; baseline -0.003 -7"><span class='ocrx_word' id='word_1_63' title='bbox 337 743 393 772; x_wconf 92' lang='lat' dir='ltr'><strong>cat</strong></span> <span class='ocrx_word' id='word_1_64' title='bbox 410 736 693 771; x_wconf 89' lang='lat' dir='ltr'><strong>disertissimum.</strong></span> <span class='ocrx_word' id='word_1_65' title='bbox 746 734 823 770; x_wconf 90' lang='lat' dir='ltr'><strong>Has</strong></span> <span class='ocrx_word' id='word_1_66' title='bbox 841 745 943 768; x_wconf 86' lang='lat' dir='ltr'><strong>veras</strong></span> <span class='ocrx_word' id='word_1_67' title='bbox 960 733 1082 769; x_wconf 89' lang='lat' dir='ltr'><strong>laudes</strong></span> <span class='ocrx_word' id='word_1_68' title='bbox 1099 732 1472 767; x_wconf 85' lang='lat' dir='ltr'><strong>maledicentissimum</strong></span> <span class='ocrx_word' id='word_1_69' title='bbox 1490 743 1608 778; x_wconf 48' lang='lat' dir='ltr'><strong>pecu&amp;</strong></span> <span class='ocrx_word' id='word_1_70' title='bbox 1634 738 1669 767; x_wconf 91' lang='lat' dir='ltr'><strong>et</strong></span> <span class='ocrx_word' id='word_1_71' title='bbox 1686 734 1730 767; x_wconf 83' lang='lat' dir='ltr'><strong>de</strong></span> 
     </span>
     <span class='ocr_line' id='line_1_9' title="bbox 337 789 1729 840; baseline -0.003 -12"><span class='ocrx_word' id='word_1_72' title='bbox 337 794 455 840; x_wconf 84' lang='lat' dir='ltr'><strong>magia</strong></span> <span class='ocrx_word' id='word_1_73' title='bbox 471 793 575 840; x_wconf 86' lang='lat' dir='ltr'><strong>nigra</strong></span> <span class='ocrx_word' id='word_1_74' title='bbox 592 793 686 838; x_wconf 90' lang='lat' dir='ltr'><strong>apud</strong></span> <span class='ocrx_word' id='word_1_75' title='bbox 703 803 786 827; x_wconf 87' lang='lat' dir='ltr'><strong>suos</strong></span> <span class='ocrx_word' id='word_1_76' title='bbox 802 791 940 826; x_wconf 87' lang='lat' dir='ltr'><strong>Wallos</strong></span> <span class='ocrx_word' id='word_1_77' title='bbox 957 789 1151 830; x_wconf 85' lang='lat' dir='ltr'><strong>convictus,</strong></span> <span class='ocrx_word' id='word_1_78' title='bbox 1174 789 1319 824; x_wconf 89' lang='lat' dir='ltr'><strong>infamis</strong></span> <span class='ocrx_word' id='word_1_79' title='bbox 1342 789 1540 825; x_wconf 89' lang='lat' dir='ltr'><strong>haereticus</strong></span> <span class='ocrx_word' id='word_1_80' title='bbox 1559 789 1729 824; x_wconf 89' lang='lat' dir='ltr'><strong>Humfre-</strong></span> 
     </span>
     <span class='ocr_line' id='line_1_10' title="bbox 336 845 1728 896; baseline -0.004 -10"><span class='ocrx_word' id='word_1_81' title='bbox 336 853 402 886; x_wconf 91' lang='lat' dir='ltr'><strong>dus</strong></span> <span class='ocrx_word' id='word_1_82' title='bbox 419 850 606 896; x_wconf 89' lang='lat' dir='ltr'><strong>Lhuydus,</strong></span> <span class='ocrx_word' id='word_1_83' title='bbox 623 849 834 884; x_wconf 83' lang='lat' dir='ltr'><strong>virulentiae</strong></span> <span class='ocrx_word' id='word_1_84' title='bbox 851 853 958 883; x_wconf 88' lang='lat' dir='ltr'><strong>vento</strong></span> <span class='ocrx_word' id='word_1_85' title='bbox 975 851 1122 882; x_wconf 86' lang='lat' dir='ltr'><strong>conatus</strong></span> <span class='ocrx_word' id='word_1_86' title='bbox 1139 845 1270 887; x_wconf 88' lang='lat' dir='ltr'><strong>afflare,</strong></span> <span class='ocrx_word' id='word_1_87' title='bbox 1287 857 1360 883; x_wconf 92' lang='lat' dir='ltr'><strong>non</strong></span> <span class='ocrx_word' id='word_1_88' title='bbox 1373 852 1447 883; x_wconf 87' lang='lat' dir='ltr'><strong>tam</strong></span> <span class='ocrx_word' id='word_1_89' title='bbox 1461 848 1578 894; x_wconf 88' lang='lat' dir='ltr'><strong>gentis</strong></span> <span class='ocrx_word' id='word_1_90' title='bbox 1596 847 1728 887; x_wconf 84' lang='lat' dir='ltr'><strong>odium,</strong></span> 
     </span>
     <span class='ocr_line' id='line_1_11' title="bbox 337 903 1268 954; baseline -0.006 -10"><span class='ocrx_word' id='word_1_91' title='bbox 337 919 443 954; x_wconf 89' lang='lat' dir='ltr'><strong>quam</strong></span> <span class='ocrx_word' id='word_1_92' title='bbox 461 907 632 954; x_wconf 89' lang='lat' dir='ltr'><strong>puerilem</strong></span> <span class='ocrx_word' id='word_1_93' title='bbox 651 906 833 953; x_wconf 86' lang='lat' dir='ltr'><strong>ignaviam</strong></span> <span class='ocrx_word' id='word_1_94' title='bbox 850 905 1019 951; x_wconf 87' lang='lat' dir='ltr'><strong>prodidit.</strong></span> <span class='ocrx_word' id='word_1_95' title='bbox 1073 903 1131 939; x_wconf 90' lang='lat' dir='ltr'><strong>Ita</strong></span> <span class='ocrx_word' id='word_1_96' title='bbox 1148 904 1244 939; x_wconf 89' lang='lat' dir='ltr'><strong>enim</strong></span> <span class='ocrx_word' id='word_1_97' title='bbox 1260 913 1268 938; x_wconf 76' lang='grc' dir='ltr'><strong>ε</strong></span> 
     </span>
    </p>
   </div>
   <div class='ocr_carea' id='block_1_3' title="bbox 635 1007 1362 1190">
    <p class='ocr_par' dir='ltr' id='par_1_3' title="bbox 635 1007 1362 1090">
     <span class='ocr_line' id='line_1_12' title="bbox 635 1007 1362 1047; baseline -0.001 -8"><span class='ocrx_word' id='word_1_98' title='bbox 635 1010 771 1040; x_wconf 82' lang='lat' dir='ltr'><strong>Hectoris</strong></span> <span class='ocrx_word' id='word_1_99' title='bbox 784 1009 912 1039; x_wconf 83' lang='lat' dir='ltr'><strong>historici</strong></span> <span class='ocrx_word' id='word_1_100' title='bbox 925 1013 969 1038; x_wconf 88' lang='lat' dir='ltr'><strong>tot</strong></span> <span class='ocrx_word' id='word_1_101' title='bbox 982 1012 1053 1047; x_wconf 87' lang='lat' dir='ltr'><strong>quot</strong></span> <span class='ocrx_word' id='word_1_102' title='bbox 1066 1007 1215 1037; x_wconf 88' lang='lat' dir='ltr'><strong>mendacia</strong></span> <span class='ocrx_word' id='word_1_103' title='bbox 1228 1008 1342 1047; x_wconf 84' lang='lat' dir='ltr'><strong>quaeris</strong></span> <span class='ocrx_word' id='word_1_104' title='bbox 1352 1019 1362 1043; x_wconf 85' lang='lat'>;</span> 
     </span>
     <span class='ocr_line' id='line_1_13' title="bbox 672 1054 1278 1090; baseline -0.005 -4"><span class='ocrx_word' id='word_1_105' title='bbox 672 1057 703 1086; x_wconf 92' lang='lat' dir='ltr'><strong>Si</strong></span> <span class='ocrx_word' id='word_1_106' title='bbox 718 1057 761 1086; x_wconf 88' lang='lat' dir='ltr'><strong>vis</strong></span> <span class='ocrx_word' id='word_1_107' title='bbox 774 1062 808 1086; x_wconf 90' lang='lat' dir='ltr'><strong>ut</strong></span> <span class='ocrx_word' id='word_1_108' title='bbox 822 1065 981 1089; x_wconf 83' lang='lat' dir='ltr'><strong>numerem,</strong></span> <span class='ocrx_word' id='word_1_109' title='bbox 995 1055 1085 1085; x_wconf 85' lang='lat' dir='ltr'><strong>lector</strong></span> <span class='ocrx_word' id='word_1_110' title='bbox 1098 1054 1199 1090; x_wconf 84' lang='lat' dir='ltr'><strong>amice,</strong></span> <span class='ocrx_word' id='word_1_111' title='bbox 1214 1055 1278 1088; x_wconf 85' lang='lat' dir='ltr'><strong>tibi,</strong></span> 
     </span>
    </p>

    <p class='ocr_par' dir='ltr' id='par_1_4' title="bbox 636 1102 1319 1190">
     <span class='ocr_line' id='line_1_14' title="bbox 636 1102 1319 1142; baseline -0.001 -9"><span class='ocrx_word' id='word_1_112' title='bbox 636 1103 717 1133; x_wconf 87' lang='lat' dir='ltr'><strong>Idem</strong></span> <span class='ocrx_word' id='word_1_113' title='bbox 730 1113 777 1133; x_wconf 90' lang='lat' dir='ltr'><strong>me</strong></span> <span class='ocrx_word' id='word_1_114' title='bbox 786 1104 889 1142; x_wconf 85' lang='lat' dir='ltr'><strong>jubeas</strong></span> <span class='ocrx_word' id='word_1_115' title='bbox 903 1102 1008 1132; x_wconf 82' lang='lat' dir='ltr'><strong>fluctus</strong></span> <span class='ocrx_word' id='word_1_116' title='bbox 1021 1110 1172 1131; x_wconf 80' lang='lat' dir='ltr'><strong>numerare</strong></span> <span class='ocrx_word' id='word_1_117' title='bbox 1185 1102 1319 1137; x_wconf 87' lang='lat' dir='ltr'><strong>marinos,</strong></span> 
     </span>
     <span class='ocr_line' id='line_1_15' title="bbox 673 1149 1219 1190; baseline -0.005 -10"><span class='ocrx_word' id='word_1_118' title='bbox 673 1151 714 1180; x_wconf 86' lang='lat' dir='ltr'><strong>Et</strong></span> <span class='ocrx_word' id='word_1_119' title='bbox 727 1150 832 1190; x_wconf 88' lang='lat' dir='ltr'><strong>liquidi</strong></span> <span class='ocrx_word' id='word_1_120' title='bbox 845 1150 944 1180; x_wconf 78' lang='lat' dir='ltr'><strong>stellas</strong></span> <span class='ocrx_word' id='word_1_121' title='bbox 957 1149 1139 1179; x_wconf 83' lang='lat' dir='ltr'><strong>dinumerare</strong></span> <span class='ocrx_word' id='word_1_122' title='bbox 1151 1149 1219 1188; x_wconf 89' lang='lat' dir='ltr'><strong>poli.</strong></span> 
     </span>
    </p>
   </div>
   <div class='ocr_carea' id='block_1_4' title="bbox 333 1249 1731 1695">
    <p class='ocr_par' dir='ltr' id='par_1_5' title="bbox 333 1249 1731 1695">
     <span class='ocr_line' id='line_1_16' title="bbox 336 1249 1731 1295; baseline 0.002 -11"><span class='ocrx_word' id='word_1_123' title='bbox 336 1250 368 1284; x_wconf 94' lang='lat' dir='ltr'>O</span> <span class='ocrx_word' id='word_1_124' title='bbox 394 1249 525 1284; x_wconf 86' lang='lat' dir='ltr'><strong>Latina</strong></span> <span class='ocrx_word' id='word_1_125' title='bbox 550 1249 674 1284; x_wconf 89' lang='lat' dir='ltr'><strong>Siren!</strong></span> <span class='ocrx_word' id='word_1_126' title='bbox 700 1249 800 1291; x_wconf 84' lang='lat' dir='ltr'><strong>belle,</strong></span> <span class='ocrx_word' id='word_1_127' title='bbox 827 1249 951 1284; x_wconf 80' lang='lat' dir='ltr'><strong>beate!</strong></span> <span class='ocrx_word' id='word_1_128' title='bbox 977 1259 1061 1283; x_wconf 89' lang='lat' dir='ltr'><strong>nam</strong></span> <span class='ocrx_word' id='word_1_129' title='bbox 1086 1254 1336 1295; x_wconf 85' lang='lat' dir='ltr'><strong>praeterquam</strong></span> <span class='ocrx_word' id='word_1_130' title='bbox 1362 1250 1458 1294; x_wconf 89' lang='lat' dir='ltr'><strong>quod</strong></span> <span class='ocrx_word' id='word_1_131' title='bbox 1483 1251 1624 1286; x_wconf 89' lang='lat' dir='ltr'><strong>nullum</strong></span> <span class='ocrx_word' id='word_1_132' title='bbox 1650 1263 1731 1287; x_wconf 88' lang='lat' dir='ltr'><strong>acu-</strong></span> 
     </span>
     <span class='ocr_line' id='line_1_17' title="bbox 333 1306 1729 1354; baseline 0.002 -13"><span class='ocrx_word' id='word_1_133' title='bbox 333 1318 425 1349; x_wconf 87' lang='lat' dir='ltr'><strong>men,</strong></span> <span class='ocrx_word' id='word_1_134' title='bbox 443 1307 567 1353; x_wconf 72' lang='lat' dir='ltr'><strong>&#39;qualis</strong></span> <span class='ocrx_word' id='word_1_135' title='bbox 592 1307 653 1341; x_wconf 89' lang='lat' dir='ltr'><strong>illa</strong></span> <span class='ocrx_word' id='word_1_136' title='bbox 678 1307 902 1352; x_wconf 87' lang='lat' dir='ltr'><strong>cacophonia,</strong></span> <span class='ocrx_word' id='word_1_137' title='bbox 934 1311 956 1327; x_wconf 86' lang='lat'><strong>“</strong></span> <span class='ocrx_word' id='word_1_138' title='bbox 981 1310 1036 1341; x_wconf 89' lang='lat' dir='ltr'><strong>tot</strong></span> <span class='ocrx_word' id='word_1_139' title='bbox 1062 1306 1184 1351; x_wconf 87' lang='lat' dir='ltr'><strong>quot‚&#39;’</strong></span> <span class='ocrx_word' id='word_1_140' title='bbox 1214 1311 1293 1341; x_wconf 92' lang='lat' dir='ltr'><strong>tum</strong></span> <span class='ocrx_word' id='word_1_141' title='bbox 1323 1307 1412 1342; x_wconf 92' lang='lat' dir='ltr'><strong>illud</strong></span> <span class='ocrx_word' id='word_1_142' title='bbox 1443 1318 1551 1352; x_wconf 90' lang='lat' dir='ltr'><strong>quam</strong></span> <span class='ocrx_word' id='word_1_143' title='bbox 1581 1311 1729 1354; x_wconf 87' lang='lat' dir='ltr'><strong>puerile,</strong></span> 
     </span>
     <span class='ocr_line' id='line_1_18' title="bbox 337 1363 1730 1406; baseline 0.003 -7"><span class='ocrx_word' id='word_1_144' title='bbox 337 1366 480 1399; x_wconf 87' lang='lat' dir='ltr'><strong>“lector</strong></span> <span class='ocrx_word' id='word_1_145' title='bbox 492 1364 602 1399; x_wconf 88' lang='lat' dir='ltr'><strong>amice</strong></span> <span class='ocrx_word' id='word_1_146' title='bbox 615 1363 642 1398; x_wconf 88' lang='lat'><strong>!&#39;&#39;</strong></span> <span class='ocrx_word' id='word_1_147' title='bbox 660 1367 738 1399; x_wconf 90' lang='lat' dir='ltr'><strong>tum</strong></span> <span class='ocrx_word' id='word_1_148' title='bbox 753 1367 775 1384; x_wconf 78' lang='lat'><strong>‘⁶</strong></span> <span class='ocrx_word' id='word_1_149' title='bbox 787 1375 982 1405; x_wconf 90' lang='lat' dir='ltr'><strong>numerem,</strong></span> <span class='ocrx_word' id='word_1_150' title='bbox 996 1375 1196 1405; x_wconf 87' lang='lat' dir='ltr'><strong>numerare,</strong></span> <span class='ocrx_word' id='word_1_151' title='bbox 1210 1364 1467 1406; x_wconf 52' lang='lat' dir='ltr'><strong>dinumerare?</strong></span> <span class='ocrx_word' id='word_1_152' title='bbox 1483 1376 1601 1401; x_wconf 87' lang='lat' dir='ltr'><strong>nonne</strong></span> <span class='ocrx_word' id='word_1_153' title='bbox 1620 1367 1730 1404; x_wconf 83' lang='lat' dir='ltr'><strong>furcis</strong></span> 
     </span>
     <span class='ocr_line' id='line_1_19' title="bbox 337 1421 1728 1468; baseline 0.003 -12"><span class='ocrx_word' id='word_1_154' title='bbox 337 1422 512 1456; x_wconf 88' lang='lat' dir='ltr'><strong>Parnasso</strong></span> <span class='ocrx_word' id='word_1_155' title='bbox 529 1421 742 1468; x_wconf 87' lang='lat' dir='ltr'><strong>exigendum</strong></span> <span class='ocrx_word' id='word_1_156' title='bbox 754 1421 771 1455; x_wconf 87' lang='lat'>?</span> <span class='ocrx_word' id='word_1_157' title='bbox 790 1422 941 1467; x_wconf 88' lang='lat' dir='ltr'><strong>denique</strong></span> <span class='ocrx_word' id='word_1_158' title='bbox 954 1432 1061 1467; x_wconf 87' lang='lat' dir='ltr'><strong>quam</strong></span> <span class='ocrx_word' id='word_1_159' title='bbox 1075 1421 1191 1456; x_wconf 86' lang='lat' dir='ltr'><strong>felicia</strong></span> <span class='ocrx_word' id='word_1_160' title='bbox 1204 1421 1363 1467; x_wconf 88' lang='lat' dir='ltr'><strong>epitheta</strong></span> <span class='ocrx_word' id='word_1_161' title='bbox 1381 1427 1403 1442; x_wconf 89' lang='lat'><strong>“</strong></span> <span class='ocrx_word' id='word_1_162' title='bbox 1417 1421 1546 1460; x_wconf 85' lang='lat' dir='ltr'><strong>fluctus</strong></span> <span class='ocrx_word' id='word_1_163' title='bbox 1560 1426 1728 1467; x_wconf 86' lang='lat' dir='ltr'><strong>marinos,</strong></span> 
     </span>
     <span class='ocr_line' id='line_1_20' title="bbox 335 1477 1729 1524; baseline 0.003 -11"><span class='ocrx_word' id='word_1_164' title='bbox 335 1479 461 1524; x_wconf 90' lang='lat' dir='ltr'><strong>liquidi</strong></span> <span class='ocrx_word' id='word_1_165' title='bbox 477 1478 550 1523; x_wconf 89' lang='lat' dir='ltr'><strong>poli</strong></span> <span class='ocrx_word' id='word_1_166' title='bbox 565 1477 595 1512; x_wconf 83' lang='lat'><strong>!”</strong></span> <span class='ocrx_word' id='word_1_167' title='bbox 645 1477 703 1513; x_wconf 92' lang='lat' dir='ltr'><strong>Ita</strong></span> <span class='ocrx_word' id='word_1_168' title='bbox 718 1489 802 1513; x_wconf 88' lang='lat' dir='ltr'><strong>sane</strong></span> <span class='ocrx_word' id='word_1_169' title='bbox 819 1490 883 1524; x_wconf 91' lang='lat' dir='ltr'><strong>per</strong></span> <span class='ocrx_word' id='word_1_170' title='bbox 905 1490 961 1514; x_wconf 91' lang='lat' dir='ltr'><strong>me</strong></span> <span class='ocrx_word' id='word_1_171' title='bbox 984 1490 1106 1515; x_wconf 91' lang='lat' dir='ltr'><strong>omnes</strong></span> <span class='ocrx_word' id='word_1_172' title='bbox 1130 1479 1288 1514; x_wconf 85' lang='lat' dir='ltr'><strong>scribant</strong></span> <span class='ocrx_word' id='word_1_173' title='bbox 1309 1478 1467 1516; x_wconf 88' lang='lat' dir='ltr'><strong>Scoticae</strong></span> <span class='ocrx_word' id='word_1_174' title='bbox 1490 1482 1729 1517; x_wconf 85' lang='lat' dir='ltr'><strong>aestimationi</strong></span> 
     </span>
     <span class='ocr_line' id='line_1_21' title="bbox 335 1535 1726 1582; baseline 0.004 -13"><span class='ocrx_word' id='word_1_175' title='bbox 335 1546 461 1581; x_wconf 86' lang='lat' dir='ltr'><strong>parum</strong></span> <span class='ocrx_word' id='word_1_176' title='bbox 479 1535 582 1581; x_wconf 88' lang='lat' dir='ltr'><strong>aequi</strong></span> <span class='ocrx_word' id='word_1_177' title='bbox 600 1536 828 1577; x_wconf 86' lang='lat' dir='ltr'><strong>consultores,</strong></span> <span class='ocrx_word' id='word_1_178' title='bbox 845 1540 888 1571; x_wconf 92' lang='lat' dir='ltr'><strong>ut</strong></span> <span class='ocrx_word' id='word_1_179' title='bbox 904 1536 990 1571; x_wconf 89' lang='lat' dir='ltr'><strong>dum</strong></span> <span class='ocrx_word' id='word_1_180' title='bbox 1007 1537 1223 1571; x_wconf 88' lang='lat' dir='ltr'><strong>nostratium</strong></span> <span class='ocrx_word' id='word_1_181' title='bbox 1241 1537 1335 1572; x_wconf 75' lang='lat' dir='ltr'><strong>verIs</strong></span> <span class='ocrx_word' id='word_1_182' title='bbox 1348 1538 1544 1582; x_wconf 89' lang='lat' dir='ltr'><strong>praeconiis</strong></span> <span class='ocrx_word' id='word_1_183' title='bbox 1558 1538 1726 1580; x_wconf 85' lang='lat' dir='ltr'><strong>officiunt,</strong></span> 
     </span>
     <span class='ocr_line' id='line_1_22' title="bbox 335 1592 1729 1642; baseline 0.004 -15"><span class='ocrx_word' id='word_1_184' title='bbox 335 1592 534 1627; x_wconf 86' lang='lat' dir='ltr'><strong>infantilem</strong></span> <span class='ocrx_word' id='word_1_185' title='bbox 551 1604 653 1627; x_wconf 88' lang='lat' dir='ltr'><strong>suam</strong></span> <span class='ocrx_word' id='word_1_186' title='bbox 670 1593 886 1638; x_wconf 88' lang='lat' dir='ltr'><strong>imperitiam</strong></span> <span class='ocrx_word' id='word_1_187' title='bbox 903 1594 1067 1638; x_wconf 89' lang='lat' dir='ltr'><strong>prodant.</strong></span> <span class='ocrx_word' id='word_1_188' title='bbox 1110 1594 1203 1630; x_wconf 89' lang='lat' dir='ltr'><strong>Sane</strong></span> <span class='ocrx_word' id='word_1_189' title='bbox 1215 1596 1300 1632; x_wconf 87' lang='lat' dir='ltr'><strong>huic</strong></span> <span class='ocrx_word' id='word_1_190' title='bbox 1317 1602 1392 1631; x_wconf 85' lang='lat' dir='ltr'><strong>tam</strong></span> <span class='ocrx_word' id='word_1_191' title='bbox 1408 1596 1607 1642; x_wconf 88' lang='lat' dir='ltr'><strong>impudenti</strong></span> <span class='ocrx_word' id='word_1_192' title='bbox 1625 1599 1729 1634; x_wconf 81' lang='lat' dir='ltr'><strong>liceat</strong></span> 
     </span>
     <span class='ocr_line' id='line_1_23' title="bbox 335 1650 1406 1695; baseline 0.005 -11"><span class='ocrx_word' id='word_1_193' title='bbox 335 1660 509 1695; x_wconf 89' lang='lat' dir='ltr'><strong>opponere</strong></span> <span class='ocrx_word' id='word_1_194' title='bbox 526 1650 638 1685; x_wconf 87' lang='lat' dir='ltr'><strong>cultos</strong></span> <span class='ocrx_word' id='word_1_195' title='bbox 656 1650 810 1685; x_wconf 90' lang='lat' dir='ltr'><strong>hominis</strong></span> <span class='ocrx_word' id='word_1_196' title='bbox 829 1650 912 1686; x_wconf 87' lang='lat' dir='ltr'><strong>Itali</strong></span> <span class='ocrx_word' id='word_1_197' title='bbox 930 1661 1075 1688; x_wconf 88' lang='lat' dir='ltr'><strong>versus:</strong></span> <span class='ocrx_word' id='word_1_198' title='bbox 1101 1652 1133 1687; x_wconf 90' lang='lat' dir='ltr'><strong>is</strong></span> <span class='ocrx_word' id='word_1_199' title='bbox 1150 1658 1204 1691; x_wconf 86' lang='lat' dir='ltr'><strong>est</strong></span> <span class='ocrx_word' id='word_1_200' title='bbox 1220 1652 1406 1691; x_wconf 88' lang='lat' dir='ltr'><strong>Latomus.</strong></span> 
     </span>
    </p>
   </div>
   <div class='ocr_carea' id='block_1_5' title="bbox 631 1761 1289 2461">
    <p class='ocr_par' dir='ltr' id='par_1_6' title="bbox 632 1761 1289 1848">
     <span class='ocr_line' id='line_1_24' title="bbox 633 1761 1289 1804; baseline 0.009 -14"><span class='ocrx_word' id='word_1_201' title='bbox 633 1761 775 1800; x_wconf 85' lang='lat' dir='ltr'><strong>Quisquis</strong></span> <span class='ocrx_word' id='word_1_202' title='bbox 789 1761 826 1791; x_wconf 85' lang='lat' dir='ltr'><strong>ad</strong></span> <span class='ocrx_word' id='word_1_203' title='bbox 838 1762 986 1792; x_wconf 90' lang='lat' dir='ltr'><strong>tumulum</strong></span> <span class='ocrx_word' id='word_1_204' title='bbox 1000 1764 1179 1804; x_wconf 86' lang='lat' dir='ltr'><strong>obstupescis</strong></span> <span class='ocrx_word' id='word_1_205' title='bbox 1191 1766 1289 1800; x_wconf 87' lang='lat' dir='ltr'><strong>istum,</strong></span> 
     </span>
     <span class='ocr_line' id='line_1_25' title="bbox 632 1808 1105 1848; baseline 0.008 -11"><span class='ocrx_word' id='word_1_206' title='bbox 632 1808 743 1838; x_wconf 82' lang='lat' dir='ltr'><strong>Taedas</strong></span> <span class='ocrx_word' id='word_1_207' title='bbox 757 1814 898 1848; x_wconf 87' lang='lat' dir='ltr'><strong>perpetua</strong></span> <span class='ocrx_word' id='word_1_208' title='bbox 911 1810 1017 1840; x_wconf 85' lang='lat' dir='ltr'><strong>micare</strong></span> <span class='ocrx_word' id='word_1_209' title='bbox 1030 1811 1105 1846; x_wconf 88' lang='lat' dir='ltr'><strong>luce,</strong></span> 
     </span>
    </p>

    <p class='ocr_par' dir='ltr' id='par_1_7' title="bbox 634 1856 1132 1895">
     <span class='ocr_line' id='line_1_26' title="bbox 634 1856 1132 1895; baseline 0.006 -10"><span class='ocrx_word' id='word_1_210' title='bbox 634 1856 743 1885; x_wconf 88' lang='lat' dir='ltr'><strong>Lucem</strong></span> <span class='ocrx_word' id='word_1_211' title='bbox 757 1856 905 1895; x_wconf 83' lang='lat' dir='ltr'><strong>perpetuis</strong></span> <span class='ocrx_word' id='word_1_212' title='bbox 918 1856 1017 1887; x_wconf 82' lang='lat' dir='ltr'><strong>adesse</strong></span> <span class='ocrx_word' id='word_1_213' title='bbox 1030 1859 1132 1893; x_wconf 86' lang='lat' dir='ltr'><strong>taedis,</strong></span> 
     </span>
    </p>

    <p class='ocr_par' dir='ltr' id='par_1_8' title="bbox 631 1903 1156 1944">
     <span class='ocr_line' id='line_1_27' title="bbox 631 1903 1156 1944; baseline 0.01 -13"><span class='ocrx_word' id='word_1_214' title='bbox 631 1903 672 1932; x_wconf 88' lang='lat' dir='ltr'><strong>Et</strong></span> <span class='ocrx_word' id='word_1_215' title='bbox 685 1903 751 1942; x_wconf 85' lang='lat' dir='ltr'><strong>quis</strong></span> <span class='ocrx_word' id='word_1_216' title='bbox 764 1903 805 1933; x_wconf 79' lang='lat' dir='ltr'><strong>sic</strong></span> <span class='ocrx_word' id='word_1_217' title='bbox 820 1904 934 1938; x_wconf 79' lang='lat' dir='ltr'><strong>statuit,</strong></span> <span class='ocrx_word' id='word_1_218' title='bbox 948 1905 1029 1944; x_wconf 87' lang='lat' dir='ltr'><strong>cupis</strong></span> <span class='ocrx_word' id='word_1_219' title='bbox 1044 1905 1156 1941; x_wconf 79' lang='lat' dir='ltr'><strong>doceri3</strong></span> 
     </span>
    </p>

    <p class='ocr_par' dir='ltr' id='par_1_9' title="bbox 631 1950 1191 1990">
     <span class='ocr_line' id='line_1_28' title="bbox 631 1950 1191 1990; baseline 0.011 -11"><span class='ocrx_word' id='word_1_220' title='bbox 631 1951 714 1980; x_wconf 85' lang='lat' dir='ltr'><strong>Fiat:</strong></span> <span class='ocrx_word' id='word_1_221' title='bbox 735 1950 782 1979; x_wconf 92' lang='lat' dir='ltr'><strong>hic</strong></span> <span class='ocrx_word' id='word_1_222' title='bbox 795 1951 913 1980; x_wconf 80' lang='lat' dir='ltr'><strong>recubat</strong></span> <span class='ocrx_word' id='word_1_223' title='bbox 927 1951 1056 1982; x_wconf 88' lang='lat' dir='ltr'><strong>Boethus</strong></span> <span class='ocrx_word' id='word_1_224' title='bbox 1071 1953 1191 1990; x_wconf 85' lang='lat' dir='ltr'><strong>Hector,</strong></span> 
     </span>
    </p>

    <p class='ocr_par' dir='ltr' id='par_1_10' title="bbox 632 1997 1112 2037">
     <span class='ocr_line' id='line_1_29' title="bbox 632 1997 1112 2037; baseline 0.008 -11"><span class='ocrx_word' id='word_1_225' title='bbox 632 1997 688 2027; x_wconf 84' lang='lat' dir='ltr'><strong>Ille</strong></span> <span class='ocrx_word' id='word_1_226' title='bbox 702 1998 751 2037; x_wconf 90' lang='lat' dir='ltr'><strong>qui</strong></span> <span class='ocrx_word' id='word_1_227' title='bbox 765 1998 875 2036; x_wconf 88' lang='lat' dir='ltr'><strong>patriae</strong></span> <span class='ocrx_word' id='word_1_228' title='bbox 888 2008 956 2028; x_wconf 81' lang='lat' dir='ltr'><strong>suae</strong></span> <span class='ocrx_word' id='word_1_229' title='bbox 970 2001 1112 2035; x_wconf 87' lang='lat' dir='ltr'><strong>tenebras,</strong></span> 
     </span>
    </p>

    <p class='ocr_par' dir='ltr' id='par_1_11' title="bbox 631 2044 1173 2132">
     <span class='ocr_line' id='line_1_30' title="bbox 631 2044 1173 2087; baseline 0.009 -14"><span class='ocrx_word' id='word_1_230' title='bbox 631 2045 730 2084; x_wconf 88' lang='lat' dir='ltr'><strong>Atque</strong></span> <span class='ocrx_word' id='word_1_231' title='bbox 743 2044 807 2073; x_wconf 81' lang='lat' dir='ltr'><strong>illas</strong></span> <span class='ocrx_word' id='word_1_232' title='bbox 820 2045 936 2084; x_wconf 83' lang='lat' dir='ltr'><strong>patrias,</strong></span> <span class='ocrx_word' id='word_1_233' title='bbox 950 2046 1044 2076; x_wconf 86' lang='lat' dir='ltr'><strong>nitore</strong></span> <span class='ocrx_word' id='word_1_234' title='bbox 1056 2047 1173 2087; x_wconf 82' lang='lat' dir='ltr'><strong>linguae</strong></span> 
     </span>
     <span class='ocr_line' id='line_1_31' title="bbox 633 2091 1096 2132; baseline 0.006 -12"><span class='ocrx_word' id='word_1_235' title='bbox 633 2092 752 2121; x_wconf 83' lang='lat' dir='ltr'><strong>Invecto</strong></span> <span class='ocrx_word' id='word_1_236' title='bbox 766 2091 878 2126; x_wconf 79' lang='lat' dir='ltr'><strong>Latiae,</strong></span> <span class='ocrx_word' id='word_1_237' title='bbox 892 2092 1005 2132; x_wconf 85' lang='lat' dir='ltr'><strong>fugavit</strong></span> <span class='ocrx_word' id='word_1_238' title='bbox 1019 2094 1096 2124; x_wconf 75' lang='lat' dir='ltr'><strong>ultra</strong></span> 
     </span>
    </p>

    <p class='ocr_par' dir='ltr' id='par_1_12' title="bbox 632 2138 1267 2321">
     <span class='ocr_line' id='line_1_32' title="bbox 633 2138 1156 2179; baseline 0.008 -12"><span class='ocrx_word' id='word_1_239' title='bbox 633 2138 759 2178; x_wconf 85' lang='lat' dir='ltr'><strong>Thylen,</strong></span> <span class='ocrx_word' id='word_1_240' title='bbox 773 2144 803 2168; x_wconf 87' lang='lat' dir='ltr'><strong>et</strong></span> <span class='ocrx_word' id='word_1_241' title='bbox 817 2139 903 2169; x_wconf 85' lang='lat' dir='ltr'><strong>vitrei</strong></span> <span class='ocrx_word' id='word_1_242' title='bbox 917 2140 1023 2179; x_wconf 85' lang='lat' dir='ltr'><strong>vigoris</strong></span> <span class='ocrx_word' id='word_1_243' title='bbox 1037 2142 1156 2172; x_wconf 86' lang='lat' dir='ltr'><strong>Arcton.</strong></span> 
     </span>
     <span class='ocr_line' id='line_1_33' title="bbox 632 2186 1226 2227; baseline 0.01 -13"><span class='ocrx_word' id='word_1_244' title='bbox 632 2186 803 2216; x_wconf 85' lang='lat' dir='ltr'><strong>Persolvunt</strong></span> <span class='ocrx_word' id='word_1_245' title='bbox 818 2186 947 2217; x_wconf 74' lang='lat' dir='ltr'><strong>Sootides</strong></span> <span class='ocrx_word' id='word_1_246' title='bbox 960 2188 1043 2227; x_wconf 85' lang='lat' dir='ltr'><strong>proin</strong></span> <span class='ocrx_word' id='word_1_247' title='bbox 1058 2189 1226 2224; x_wconf 86' lang='lat' dir='ltr'><strong>Camoenae,</strong></span> 
     </span>
     <span class='ocr_line' id='line_1_34' title="bbox 632 2233 1267 2275; baseline 0.011 -14"><span class='ocrx_word' id='word_1_248' title='bbox 632 2233 706 2262; x_wconf 91' lang='lat' dir='ltr'><strong>Cum</strong></span> <span class='ocrx_word' id='word_1_249' title='bbox 719 2233 825 2272; x_wconf 80' lang='lat' dir='ltr'><strong>passim</strong></span> <span class='ocrx_word' id='word_1_250' title='bbox 838 2233 979 2273; x_wconf 84' lang='lat' dir='ltr'><strong>incipiant</strong></span> <span class='ocrx_word' id='word_1_251' title='bbox 991 2242 1157 2275; x_wconf 84' lang='lat' dir='ltr'><strong>queantque</strong></span> <span class='ocrx_word' id='word_1_252' title='bbox 1170 2237 1267 2268; x_wconf 79' lang='lat' dir='ltr'><strong>haberi</strong></span> 
     </span>
     <span class='ocr_line' id='line_1_35' title="bbox 634 2280 1107 2321; baseline 0.011 -13"><span class='ocrx_word' id='word_1_253' title='bbox 634 2280 786 2314; x_wconf 80' lang='lat' dir='ltr'><strong>Romanae,</strong></span> <span class='ocrx_word' id='word_1_254' title='bbox 800 2281 917 2311; x_wconf 81' lang='lat' dir='ltr'><strong>meritas</strong></span> <span class='ocrx_word' id='word_1_255' title='bbox 930 2291 982 2311; x_wconf 79' lang='lat' dir='ltr'><strong>suo</strong></span> <span class='ocrx_word' id='word_1_256' title='bbox 994 2284 1107 2321; x_wconf 80' lang='lat' dir='ltr'><strong>parenti</strong></span> 
     </span>
    </p>

    <p class='ocr_par' dir='ltr' id='par_1_13' title="bbox 634 2326 1219 2414">
     <span class='ocr_line' id='line_1_36' title="bbox 634 2326 1219 2362; baseline 0.012 -7"><span class='ocrx_word' id='word_1_257' title='bbox 634 2326 748 2360; x_wconf 81' lang='lat' dir='ltr'><strong>Grates,</strong></span> <span class='ocrx_word' id='word_1_258' title='bbox 763 2332 793 2356; x_wconf 93' lang='lat' dir='ltr'><strong>et</strong></span> <span class='ocrx_word' id='word_1_259' title='bbox 806 2328 952 2357; x_wconf 88' lang='lat' dir='ltr'><strong>tumulum</strong></span> <span class='ocrx_word' id='word_1_260' title='bbox 966 2329 1067 2360; x_wconf 83' lang='lat' dir='ltr'><strong>volunt</strong></span> <span class='ocrx_word' id='word_1_261' title='bbox 1080 2331 1117 2360; x_wconf 87' lang='lat' dir='ltr'><strong>ad</strong></span> <span class='ocrx_word' id='word_1_262' title='bbox 1130 2331 1219 2362; x_wconf 74' lang='lat' dir='ltr'><strong>istum</strong></span> 
     </span>
     <span class='ocr_line' id='line_1_37' title="bbox 634 2373 1102 2414; baseline 0.011 -13"><span class='ocrx_word' id='word_1_263' title='bbox 634 2373 746 2403; x_wconf 73' lang='lat' dir='ltr'><strong>Taedae</strong></span> <span class='ocrx_word' id='word_1_264' title='bbox 759 2380 898 2414; x_wconf 83' lang='lat' dir='ltr'><strong>perpetua</strong></span> <span class='ocrx_word' id='word_1_265' title='bbox 911 2376 1015 2406; x_wconf 82' lang='lat' dir='ltr'><strong>micare</strong></span> <span class='ocrx_word' id='word_1_266' title='bbox 1028 2377 1102 2411; x_wconf 90' lang='lat' dir='ltr'><strong>luce,</strong></span> 
     </span>
    </p>

    <p class='ocr_par' dir='ltr' id='par_1_14' title="bbox 635 2419 1127 2461">
     <span class='ocr_line' id='line_1_38' title="bbox 635 2419 1127 2461; baseline 0.006 -12"><span class='ocrx_word' id='word_1_267' title='bbox 635 2419 743 2450; x_wconf 84' lang='lat' dir='ltr'><strong>Lucem</strong></span> <span class='ocrx_word' id='word_1_268' title='bbox 757 2422 903 2461; x_wconf 87' lang='lat' dir='ltr'><strong>perpetuis</strong></span> <span class='ocrx_word' id='word_1_269' title='bbox 916 2423 1014 2454; x_wconf 78' lang='lat' dir='ltr'><strong>adesse</strong></span> <span class='ocrx_word' id='word_1_270' title='bbox 1027 2425 1127 2454; x_wconf 83' lang='lat' dir='ltr'><strong>taedis.</strong></span> 
     </span>
    </p>
   </div>
  </div>
 </body>
</html>
