2032 2912
307 284 369 314 116
687 284 919 316 HISTORIA
940 284 1315 317 ECCLESIASTICA

609 377 787 414 Aequabunt
800 377 917 415 genium
932 376 1024 406 felicis
1038 376 1181 412 carminis,
1196 382 1226 406 et
1240 387 1315 415 quae

649 423 737 452 Orbis
750 424 837 452 habet
851 424 944 452 famae
958 424 1069 452 conscia
1083 424 1164 462 signa
1179 429 1247 453 tuae
1260 435 1267 453 ε

608 470 744 509 Namque
757 470 794 499 ad
807 480 973 510 supremum
987 471 1126 509 perducta
1139 472 1251 510 poetica
1265 471 1381 501 culmen

653 518 689 546 In
703 523 733 547 te
746 523 814 553 stat,
828 528 882 547 nec
895 528 952 557 quo
965 518 1165 557 progrediatur
1177 519 1274 548 habet.

611 564 730 603 Imperii
743 565 838 594 fuerat
852 565 976 594 Romani
992 565 1087 594 Scotia
1101 565 1195 600 limes,

650 613 774 642 Romani
789 613 895 652 eloquii
909 613 1006 642 Scotia
1020 613 1086 642 finis
1100 613 1165 642 erit.

600 711 861 746 HENRICUS
887 711 1276 747 BLACVODAEUS.
1330 715 1413 747 201.

311 786 529 821 HENRICUS
555 786 798 821 Blacvodaeus
824 786 1134 820 Sanctandreanus
1161 786 1357 821 clarissimo
1383 788 1528 822 nomine
1554 790 1707 834 philoso-

309 844 430 888 phiam
449 844 615 879 Lutetiae
633 843 866 888 profitebatur
883 854 977 877 anno
994 844 1100 878 salut.
1121 851 1242 877 MDLI.
1267 848 1310 878 ut
1335 844 1373 878 in
1397 846 1485 879 actis
1508 847 1709 881 academiae

308 902 490 947 ejusdem3
518 901 644 936 exinde
670 901 863 934 medicinae
889 901 1012 934 doctor
1038 911 1115 934 eam
1142 905 1254 934 artem
1287 901 1428 947 ingenti
1458 914 1523 937 suo
1554 904 1708 943 nomine,

309 960 504 993 multorum
534 970 619 993 vero
649 958 844 998 commodo,
879 957 1067 1002 praecipue
1096 962 1195 1002 peste
1225 959 1416 1000 saeviente,
1447 960 1578 995 ibidem
1611 972 1707 995 exer-

309 1017 392 1051 cuit.
444 1015 537 1062 Ejus
555 1020 640 1050 sunt
659 1016 776 1050 edita:

454 1072 498 1107 In
517 1073 703 1119 Organum
721 1072 927 1106 Aristotelis
946 1071 1212 1108 Commentaria
1376 1074 1437 1108 lib.
1458 1084 1483 1109 1.

458 1130 609 1164 Collatio
628 1129 879 1174 Philosophiae
896 1133 1003 1174 atque
1021 1130 1221 1165 Medicinae
1376 1133 1437 1166 lib.
1458 1142 1483 1166 1.

453 1187 509 1221 De
527 1188 630 1222 claris
649 1187 799 1221 Medicis
1373 1190 1435 1224 lib.
1455 1199 1530 1225 xn.

357 1245 462 1281 MSS.
481 1257 566 1280 vero
584 1246 678 1290 apud
696 1246 842 1279 heredes
860 1256 968 1290 quam
986 1246 1161 1290 plurima:
1189 1247 1228 1280 in
1245 1247 1313 1288 his,

456 1302 735 1337 Animadversio
752 1303 790 1336 in
808 1314 930 1337 omnes
949 1301 1076 1337 Galeni
1093 1303 1222 1339 Libros
1374 1305 1435 1340 lib.
1457 1316 1481 1340 1.

455 1360 686 1405 Hippocratis
703 1361 878 1405 quaedam
897 1371 977 1394 cum
995 1359 1102 1394 MSS.
1122 1362 1249 1396 collata
1373 1363 1434 1397 lib.
1455 1372 1480 1397 1.

456 1417 502 1452 In
518 1417 765 1452 Alexandrum
784 1417 1007 1451 Trallianum
1027 1416 1227 1453 Comment.
1377 1421 1437 1455 lib.
1458 1430 1483 1454 Ι.

457 1474 635 1509 Locorum
654 1475 880 1519 quorundam
899 1474 1010 1508 Plinii
1028 1473 1235 1520 Explicatio
1375 1478 1436 1513 lib.
1457 1487 1483 1512 Ι.

360 1532 461 1567 Obiit
480 1531 646 1567 Lutetiae
664 1543 757 1566 anno
777 1540 955 1566 MDCXIV.

623 1629 838 1665 ADAMUS
863 1630 1252 1668 BLACVODAEUS.
1306 1637 1389 1669 202.

311 1706 491 1739 ADAMUS
517 1704 772 1745 Blacvodaeus,
799 1705 910 1739 frater
937 1705 1097 1748 Henrici,
1126 1708 1248 1742 eodem
1276 1708 1383 1742 etiam
1410 1713 1569 1753 tempore
1595 1711 1707 1744 eidem

310 1763 428 1797 studio
446 1762 594 1796 Parisiis
613 1773 650 1796 se
668 1762 828 1803 addixit3
847 1773 930 1796 nam
948 1764 1010 1798 ubi
1028 1764 1303 1799 celebratissima
1321 1765 1532 1800 eruditionis
1551 1766 1658 1808 fama,
1673 1774 1708 1802 et

309 1820 465 1854 maximo
489 1819 693 1853 auditorum
717 1831 890 1854 concursu
913 1820 1054 1865 publice
1079 1821 1341 1867 philosophiam
1367 1822 1708 1868 fuissetprofessus,

309 1879 347 1911 in
376 1877 593 1911 famulitium
623 1877 897 1923 augustissimae
925 1877 1111 1913 Scotorum
1137 1880 1281 1925 reginae
1306 1881 1438 1915 ascitus
1461 1885 1496 1915 et
1518 1881 1601 1916 boni
1628 1883 1709 1916 sub—

310 1935 376 1968 diti
402 1939 437 1968 et
462 1934 697 1968 literatissimi
723 1935 792 1968 viri
819 1939 937 1980 partes
964 1936 1151 1980 implevit3
1179 1941 1257 1971 tum
1284 1938 1427 1972 demum
1451 1939 1490 1973 in
1513 1939 1709 1984 municipa-

311 1993 379 2026 lem
410 1991 600 2026 Pictonum
631 1992 765 2026 curiam
802 1993 959 2034 allectus,
989 1993 1102 2039 judex
1137 1995 1372 2039 aequissimus
1406 1995 1561 2037 habitus,
1595 1998 1710 2043 gloria

314 2049 451 2083 abunde
481 2054 595 2093 parta,
622 2050 720 2084 senio
746 2049 926 2084 confectus
952 2051 1112 2086 excessit.
1165 2050 1258 2097 Ejus
1285 2057 1369 2087 sunt
1394 2053 1545 2095 infinita,
1579 2055 1641 2088 sed
1672 2056 1709 2089 in

313 2117 438 2140 manus
457 2117 552 2141 meas
572 2111 746 2141 venerunt
762 2118 885 2152 pauca.

459 2164 676 2209 Martyrium
695 2164 855 2211 Reginae
873 2164 1011 2200 Scotiae
1375 2168 1435 2203 lib.
1456 2177 1481 2203 1.

461 2220 485 2253 J
487 2221 631 2255 esabelis
650 2221 870 2268 Anglicanae
891 2221 1117 2268 Vituperium
1378 2226 1439 2260 lib.
1459 2235 1483 2260 Ι.

459 2277 587 2312 Scotici
606 2278 722 2325 Regni
741 2291 821 2314 cum
840 2281 919 2315 aliis
938 2280 1166 2327 Comparatio
1377 2283 1438 2318 lib.
1459 2293 1484 2318 1.

457 2333 511 2368 De
526 2335 643 2369 stabili
657 2336 839 2372 Scotorum
857 2338 945 2373 Fide
956 2343 1036 2383 post
1050 2344 1248 2385 susceptam
1265 2339 1387 2375 Evan-

503 2392 586 2438 gelii
604 2393 717 2428 lucem
1376 2397 1435 2432 lib.
1457 2407 1482 2432 1.
