2044 2992
1016 339 1086 379 xxi

360 446 706 499 Boncompagnus
727 444 771 484 in
797 443 971 498 epistola
995 444 1047 484 ad
1071 443 1293 484 lectorem:
1325 448 1346 467 “
1366 442 1491 487 Quod
1509 456 1605 482 vero
1625 456 1740 496 prae-

358 516 523 550 matura
542 514 675 548 morte
695 507 812 547 nobis
836 513 1003 561 ereptus
1023 506 1094 548 ille
1115 522 1200 547 non
1221 507 1370 561 potuit,
1395 507 1439 546 in
1465 513 1650 547 extrema
1674 507 1739 546 his

359 573 509 627 vigiliis
529 572 780 626 imponenda
799 585 938 618 manu,
958 571 1003 610 in
1022 570 1227 618 limandis,
1248 585 1438 623 novoque
1459 585 1510 610 ex
1531 571 1679 610 intima
1699 576 1742 610 et

359 637 572 677 recondita
591 634 845 689 antiquitate
866 635 1199 674 observationum
1219 635 1403 674 auctario
1427 633 1741 688 locupletandis,

360 699 505 740 sedulo
525 705 567 739 et
586 699 776 752 gnaviter
796 698 1003 738 desudant
1024 698 1263 751 Dempsteri
1284 698 1402 746 cives,
1423 698 1498 737 viri
1521 698 1564 738 in
1591 699 1668 738 hac
1694 698 1744 738 li-

360 770 543 804 terarum
565 762 769 817 palaestra
789 762 1155 802 exercitatissimi.''
1216 761 1275 801 Et
1301 762 1378 801 sub
1404 761 1531 801 finem
1557 763 1744 816 ejusdem

359 827 580 882 epistolae:
614 833 635 850 ‘⁶
655 827 696 866 Si
718 826 822 881 quid
841 826 919 866 hoc
939 826 983 866 in
1003 825 1121 874 libro,
1142 824 1282 865 aliisve
1298 825 1537 879 Dempsteri
1552 824 1744 866 lucubra-

360 892 554 939 tionibus,
576 897 739 931 sanetae
761 891 976 930 Romanae
1003 889 1208 937 ecclesiae,
1237 891 1355 943 cujus
1383 888 1455 929 ille
1481 890 1744 930 decretorum

361 956 467 996 vixit
486 962 529 995 et
547 961 738 995 mortuus
766 960 828 995 est
855 954 1249 1001 observantissimus,
1275 953 1415 993 minus
1441 952 1607 1008 placens
1633 954 1746 994 inve-

362 1020 513 1067 nietur,
533 1020 576 1059 id
593 1033 705 1059 omne
723 1024 961 1073 eoepunctum
981 1018 1037 1058 iri
1047 1019 1287 1072 pollicentur
1309 1018 1448 1058 Scoti.'’
1506 1018 1599 1061 Qua
1618 1018 1746 1072 igitur

362 1084 445 1123 fide
465 1082 615 1123 versati
636 1082 721 1122 sint
741 1082 784 1121 in
804 1081 883 1121 hoc
903 1095 1026 1135 opere
1046 1081 1306 1129 absolvendo,
1327 1096 1412 1121 non
1432 1081 1530 1122 satis
1550 1082 1667 1122 nobis
1697 1082 1746 1122 li-

363 1154 475 1201 quet.
539 1146 769 1186 Lanienam
801 1145 1074 1185 Parisiensem
1109 1146 1316 1193 detestari,
1348 1145 1520 1185 minime
1563 1147 1746 1186 arriserit

362 1217 383 1235 ‘⁶
403 1210 590 1264 tyrannis
610 1209 801 1257 mitratis,
821 1209 969 1256 unctis,
991 1216 1033 1249 et
1053 1210 1153 1249 rasis
1168 1213 1202 1255 ;”
1234 1223 1330 1249 nam
1350 1209 1657 1263 quinquaginta
1677 1212 1746 1250 ab-

362 1274 460 1313 hinc
494 1274 613 1313 annis
647 1272 877 1312 orationem
907 1272 1066 1312 Romae
1096 1273 1299 1313 habuerat
1332 1273 1501 1313 Marcus
1532 1274 1743 1314 Antonius

362 1338 568 1385 Muretus,
589 1337 632 1376 in
653 1350 736 1390 qua
756 1336 880 1376 homo
901 1336 1242 1389 flagitiosissimus
1268 1343 1353 1376 tam
1379 1337 1672 1377 detestandum
1703 1346 1745 1378 et

363 1401 591 1443 execrabile
606 1401 766 1440 facinus
783 1414 944 1440 summe
959 1399 1210 1440 laudaverat.
1259 1401 1340 1441 Sed
1353 1400 1510 1441 leniore
1526 1400 1743 1455 Dempste-

364 1480 434 1506 rus
455 1465 633 1519 ingenio,
654 1464 910 1504 teterrimam
930 1464 1038 1504 hanc
1057 1464 1265 1504 lanienam
1292 1465 1522 1505 detestatus
1550 1472 1622 1513 est,
1652 1466 1745 1505 ideo

366 1535 536 1570 notatus
563 1530 614 1568 ab
639 1528 704 1568 his
732 1528 946 1568 Romanae
973 1528 1109 1568 curiae
1138 1529 1364 1583 mancipiis.
1423 1529 1583 1569 Dabam
1615 1529 1745 1569 Edin-

363 1593 484 1648 burgi
505 1606 599 1634 non.
621 1592 863 1633 Decembris
883 1606 992 1633 anno
1014 1607 1286 1634 MDcccxxxx.
