2044 2992
357 444 398 469 se
431 429 494 469 his
526 429 577 468 de
608 428 730 467 rebus
762 424 937 465 feliciter
972 424 1273 473 inchoatorum,
1306 425 1349 465 in
1384 439 1468 479 quo
1503 426 1617 466 nuda
1656 426 1736 468 cla-

354 507 494 532 rorum
528 493 742 531 Scotorum
773 487 1059 542 imprimisque
1094 489 1159 529 SS.
1188 490 1357 530 nomina
1385 490 1613 545 perscripta
1643 505 1738 531 con-

356 557 618 595 tinebantur:
653 567 755 606 quas
784 552 936 606 primas
967 553 1101 606 operis
1130 553 1259 594 lineas
1293 554 1388 593 rudi
1420 554 1628 608 penicillo,
1665 556 1736 595 sed

355 625 404 658 ut
455 617 611 658 artifice
663 630 790 656 manu
840 616 986 656 ductas
1035 617 1168 665 scires,
1217 618 1460 671 spectandas
1508 620 1736 673 proposuit,

357 697 452 721 cum
490 688 539 721 ut
579 682 795 721 doctorum
834 680 886 719 de
929 680 1122 720 universo
1170 687 1322 721 conatu
1371 683 1620 722 sententiam
1665 683 1738 723 eli-

354 752 474 794 ceret,
519 753 611 785 tum
654 751 700 784 ut
737 744 888 784 civium
928 757 1099 783 suorum
1138 745 1182 784 in
1223 746 1357 799 patria
1402 747 1588 787 ornanda
1630 761 1738 801 sym-

353 810 465 850 bolas
505 814 781 862 extorqueret,
823 813 865 847 et
905 808 1094 848 studium
1134 810 1388 850 accenderet.
1461 810 1578 850 Ussit
1616 811 1738 851 vehe-

353 880 525 922 menter,
553 879 595 913 et
620 872 727 912 male
752 871 903 911 habuit
929 871 1008 911 ista
1036 871 1403 913 lucubratiuncula
1430 874 1609 914 vicinam
1638 889 1737 928 gen-

354 944 449 986 tem,
470 951 576 990 quae
596 935 876 976 inverecunde
902 936 1045 975 orbem
1072 936 1219 977 alienis
1244 936 1400 990 plumis
1425 943 1571 977 ornata
1600 939 1738 978 obam-

352 1002 506 1049 bulare,
527 1007 569 1041 et
589 1000 825 1054 principum
846 999 1161 1040 benevolentiae
1188 1014 1234 1040 ac
1264 999 1506 1040 liberalitati
1527 1002 1736 1056 obrepere,

355 1066 535 1105 Scoticae
565 1064 811 1104 eruditionis
842 1069 885 1103 et
913 1063 1146 1104 sanctitatis
1175 1063 1315 1112 titulo,
1342 1079 1428 1104 non
1456 1066 1734 1106 erubescebat.

354 1129 466 1169 Hinc
486 1130 710 1182 derepente
731 1128 927 1168 detonuit
947 1128 991 1167 in
1013 1128 1252 1182 Dempsteri
1269 1134 1395 1182 caput
1410 1128 1619 1169 horrenda
1634 1136 1738 1169 tem—

350 1199 496 1247 pestas,
526 1193 752 1246 scriptique
778 1192 1009 1232 inhumano
1039 1198 1082 1232 et
1111 1191 1354 1232 inclementi
1385 1192 1505 1246 stylo,
1535 1202 1736 1247 tanquam

352 1260 394 1298 in
415 1257 663 1312 plagiarium
683 1262 756 1296 aut
777 1255 902 1296 alieni
919 1256 1042 1296 fundi
1058 1256 1413 1310 depopulatorem,
1430 1257 1575 1296 famosi
1593 1256 1736 1304 libelli,

352 1321 516 1361 insulsis
547 1321 590 1360 in
620 1334 763 1360 omnes
794 1320 934 1360 Scotos
965 1320 1124 1373 probris
1152 1319 1277 1374 pleni.
1336 1320 1417 1360 Sed
1446 1320 1618 1374 impune
1650 1336 1734 1361 non

353 1385 452 1425 tulit
486 1384 638 1424 rustica
673 1398 822 1424 manus
856 1383 1118 1423 temerariam
1152 1384 1501 1438 provocationem,
1536 1399 1620 1424 non
1653 1385 1733 1425 levi

350 1449 515 1490 brachio
539 1464 563 1489 a
586 1450 837 1503 Dempstero
864 1449 1072 1502 castigata,
1100 1454 1143 1488 et
1170 1448 1452 1488 eruditissimo
1482 1454 1526 1488 et
1552 1449 1735 1489 mordaci

352 1521 465 1554 aceto
486 1514 691 1567 perfricta.
751 1513 983 1566 Utriusque
1009 1511 1152 1560 libelli,
1180 1526 1274 1552 cum
1303 1512 1615 1566 Dempsteriani
1647 1519 1737 1552 tum

353 1578 528 1617 Hiberni
561 1577 858 1625 conviciatoris,
891 1577 942 1616 ab
978 1576 1268 1616 illustrissimis
1298 1576 1371 1630 qui
1402 1590 1558 1615 sacram
1588 1576 1736 1616 indicis

351 1642 550 1682 librorum
586 1642 951 1695 congregationem
987 1640 1259 1680 moderantur
1292 1639 1570 1680 cardinalibus
1605 1641 1735 1680 vetita

351 1706 484 1753 lectio,
505 1706 706 1760 imperato
728 1706 772 1746 in
787 1711 998 1759 posterum
1017 1704 1274 1745 conviciandi
1291 1704 1482 1744 termino.
1532 1703 1629 1743 Non
1647 1705 1737 1744 des-

351 1771 530 1810 titerunt
569 1776 709 1810 tamen
749 1769 903 1810 aemuli
942 1769 1059 1809 novis
1098 1774 1140 1808 et
1178 1767 1379 1808 fictilibus
1424 1768 1735 1822 scriptiunculis

354 1835 645 1888 Dempsterum
676 1833 866 1881 lacerare,
895 1833 1053 1873 arcanis
1083 1832 1413 1872 accusationibus
1440 1846 1599 1880 vexare,
1629 1846 1736 1872 nun-

352 1912 476 1951 quam
507 1898 594 1938 ausi
631 1897 768 1951 palam
801 1896 1007 1951 congredi,
1042 1895 1340 1936 imbecillitatis
1371 1910 1469 1936 suae
1498 1895 1663 1944 conscii,
1694 1903 1737 1936 et

352 1976 517 2002 caussae
547 1962 680 2002 diffisi.
739 1962 1024 2015 Dempsterus,
1044 1966 1094 2000 ut
1120 1974 1343 2014 generosus
1370 1959 1447 2008 leo,
1474 1959 1734 2000 minutorum

352 2026 524 2065 istorum
546 2025 779 2066 catulorum
799 2024 1050 2078 contemptis
1080 2023 1310 2072 latratibus,
1337 2022 1458 2064 silere
1486 2023 1608 2063 etiam
1638 2037 1733 2063 cum

353 2088 492 2142 aliqua
511 2090 690 2129 nominis
706 2091 870 2143 jactura
889 2088 1051 2137 maluit,
1072 2102 1199 2142 quam
1226 2087 1420 2129 ecclesiae
1446 2087 1591 2128 matris
1621 2102 1735 2128 sanc-

353 2153 534 2192 tionibus
573 2153 702 2193 videri
743 2167 827 2193 non
866 2152 1125 2200 auscultare;
1169 2158 1296 2206 atque
1336 2152 1439 2192 adeo
1479 2165 1650 2206 pergere
1691 2153 1734 2192 in

352 2217 614 2269 pertexenda,
654 2231 781 2270 quam
818 2218 905 2271 jam
945 2231 1077 2270 paene
1111 2216 1355 2264 confecerat,
1394 2216 1460 2255 De
1499 2216 1658 2255 Sanctis
1693 2222 1736 2256 et

353 2280 626 2332 Scriptoribus
660 2281 789 2320 Scotis
825 2281 1024 2328 Historia,
1055 2280 1210 2320 vocatis
1241 2280 1295 2320 ad
1326 2279 1555 2320 testimonii
1590 2279 1736 2319 dictio-

354 2357 449 2382 nem
484 2344 535 2382 ab
569 2344 681 2382 omni
716 2344 977 2397 antiquitate,
1011 2345 1062 2383 ab
1094 2344 1207 2384 omni
1240 2344 1421 2392 natione,
1455 2357 1562 2397 quae
1595 2342 1735 2383 litera-

354 2420 446 2446 rum
485 2407 735 2460 professione
775 2413 1022 2455 censeretur,
1066 2408 1179 2447 omni
1223 2408 1467 2462 exceptione
1509 2402 1734 2463 majoribus

352 2470 599 2517 auctoribus,
626 2471 757 2510 doctis
791 2471 923 2518 dictis,
953 2485 1038 2510 non
1065 2471 1307 2520 maledictis,
1338 2471 1613 2525 pugnandum
1647 2484 1734 2510 esse

353 2535 586 2574 arbitratus.
655 2534 695 2573 Si
731 2534 1008 2587 quid'tamen
1041 2535 1151 2575 inter
1187 2535 1452 2575 scribendum
1486 2533 1731 2574 incalescen-

354 2598 386 2637 ti
426 2598 642 2638 excidisset
690 2597 875 2638 acerbius
922 2604 995 2639 aut
1044 2598 1301 2648 inurbanius,
1348 2599 1392 2639 id
1435 2600 1551 2653 justo
1600 2596 1733 2638 dolori
