2032 2912
701 357 875 392 GENTIS
899 353 1174 395 SCOTORUM‚
1201 357 1289 390 LIB.
1314 357 1341 390 1.
1672 360 1710 390 51

473 447 747 499 Epigrammata
765 460 808 487 11.
827 452 871 486 de
889 448 1100 497 Hypocrita,
1117 452 1242 487 itidem
1259 448 1403 486 Graece.

327 510 465 544 Eadem
499 509 773 556 Epigrammata
805 508 936 543 Latine
969 508 1091 548 vertit,
1126 513 1165 543 et
1195 509 1318 549 edidit,
1352 519 1443 554 quae
1476 508 1556 544 ideo
1591 508 1711 545 Titius

325 568 416 601 male
434 578 478 601 ex
494 566 610 611 lapide
628 565 753 600 Italico
770 565 967 609 desumpta,
986 569 1021 598 et
1038 575 1082 599 ex
1095 565 1306 600 membrana
1323 565 1499 607 Patrensi,
1517 566 1680 602 affirmat.

373 622 528 658 Vivebat
545 632 639 656 anno
657 630 790 657 MDxc.
832 620 1012 656 Robertus
1031 621 1152 656 Titius
1170 633 1212 657 ea
1229 622 1415 658 Michaelis
1432 623 1592 659 Neandri
1610 623 1711 659 Sora-

324 679 458 713 viensis
478 689 584 724 opera
600 677 782 723 publicata
797 676 932 712 scribit.

794 825 796 827 ’
822 848 1107 885 ALBERTUS.
1154 851 1217 885 84.

322 964 544 999 ALBERTUS
575 963 778 1010 Presbyter,
808 971 871 999 aut
900 963 1128 1006 Aldebertus,
1158 968 1223 1000 aut
1252 963 1479 1007 Eldebertus,
1513 969 1556 1001 ut
1587 965 1712 1002 Othlo·

322 1033 389 1057 nus
423 1021 584 1067 loquitur
616 1021 677 1056 lib.
713 1030 740 1056 1.
775 1021 819 1056 de
852 1021 940 1057 Vita
980 1021 1016 1057 S.
1051 1021 1230 1057 Bonifacii
1273 1034 1355 1070 pag.
1391 1032 1597 1058 ccccxm1.
1640 1034 1712 1060 una

322 1089 403 1113 cum
429 1078 612 1114 Clemente
636 1082 673 1113 et
698 1078 868 1114 Samsone
893 1079 1110 1124 presbyteris
1135 1079 1174 1113 in
1200 1079 1327 1115 Galliis
1344 1091 1426 1115 cum
1442 1080 1648 1122 Adelberto,
1673 1083 1712 1116 in

321 1136 479 1170 Bavaria
511 1147 592 1170 cum
627 1135 784 1181 Sydonio
829 1136 1091 1181 archiepiscopo
1133 1136 1327 1172 amicitiam
1369 1138 1501 1180 coluit3
1545 1149 1713 1185 magnam

322 1203 404 1226 eum
443 1191 630 1227 Bonifacio
673 1193 750 1227 cive
791 1203 867 1233 suo,
911 1192 1122 1239 Moguntiae
1164 1193 1438 1240 archiepiscopo,
1481 1197 1714 1230 controversi-

321 1260 381 1283 am
413 1250 621 1290 exercuisse,
655 1254 779 1284 auctor
809 1254 863 1284 est
893 1249 950 1284 Jo.
981 1248 1186 1285 Aventinus
1219 1251 1259 1285 in
1292 1250 1495 1288 Annalibus
1528 1252 1711 1287 Boiorum.

322 1304 419 1339 Eum
437 1305 609 1340 Wicelius
622 1305 749 1353 junior
767 1305 890 1340 acerbe
911 1306 1019 1340 nimis
1042 1307 1184 1341 vellicat
1206 1318 1288 1342 cum
1311 1309 1415 1344 sociis
1438 1309 1477 1343 in
1500 1309 1587 1345 Vita
1604 1309 1714 1344 Boni-

322 1361 428 1396 facii:

622 1434 816 1473 Progenerans
830 1433 967 1473 quosdam
983 1433 1084 1473 Stygio
1097 1443 1113 1464 e
1126 1434 1235 1464 foetore
1248 1440 1402 1469 scatentes,

624 1481 787 1520 Insipidum
802 1481 966 1515 Albertum,
982 1480 1172 1515 Clementem,
1185 1487 1216 1511 et
1230 1482 1335 1513 finibus
1348 1484 1438 1513 isdem

623 1528 798 1564 Samsonem,
813 1528 920 1563 Scotos,
934 1529 1037 1559 sinceri
1051 1528 1191 1566 dogmatis
1205 1530 1312 1565 hostes,

621 1574 774 1606 Audentes
788 1585 873 1606 sanae
887 1576 1033 1606 doetrinae
1047 1586 1189 1616 opponere
1203 1578 1305 1607 sancti.

369 1648 560 1693 Scripsisse
577 1648 734 1683 traditur

468 1703 513 1739 In
530 1704 782 1740 Controversia
798 1717 879 1741 cum
896 1706 1083 1742 Bonifacio
1302 1709 1364 1745 lib.
1385 1718 1440 1744 1v.

469 1762 650 1807 Epistulas
669 1763 715 1796 ad
731 1762 879 1797 Amicos
1311 1766 1373 1801 lib.
1393 1776 1419 1801 1.

371 1819 538 1854 Florebat
554 1829 648 1853 anno
665 1820 728 1853 sal.
750 1827 869 1854 Dch.
914 1819 1144 1856 Haereticum
1162 1833 1244 1857 eum
1261 1822 1347 1858 facit
1365 1823 1544 1859 Othlonus
1559 1824 1713 1860 Fulden-

323 1876 383 1916 sis,
402 1877 477 1910 loco
493 1875 650 1916 laudato,
668 1880 705 1910 et
723 1876 846 1911 socios.

851 1989 1069 2026 ARLAUS.
1121 1995 1180 2027 85.

321 2103 502 2144 Anneius,
536 2103 621 2139 sive*
645 2102 849 2146 Wardlaus,
883 2105 1028 2150 quidam
1062 2111 1189 2148 sartor,
1224 2108 1356 2154 impius
1392 2109 1570 2146 Sathanae
1600 2117 1712 2147 satra—

322 2172 378 2205 pa,
413 2160 555 2196 scelesti
582 2160 718 2196 Knoxii
748 2162 875 2204 socius,
907 2173 1002 2197 unus
1032 2174 1076 2198 ex
1107 2166 1279 2209 apostatis
1308 2167 1467 2212 reprobis
1497 2169 1559 2213 qui
1594 2168 1712 2203 Calvi·

321 2219 358 2251 ni
377 2218 552 2253 haeresim
573 2218 612 2252 in
629 2217 784 2253 Scotiam
806 2219 965 2254 furenter
986 2220 1198 2263 intulerunt,
1220 2223 1353 2268 quique
1380 2234 1404 2258 a
1427 2226 1565 2270 synodo
1588 2225 1712 2260 Edim·

323 2274 492 2321 burgensi
526 2276 686 2310 damnati
720 2276 881 2311 ecclesias
916 2277 1040 2311 Perthi
1077 2283 1266 2315 vastarunt
1299 2286 1335 2316 et
1372 2280 1578 2328 dejecerunt
1620 2294 1713 2317 anno

326 2340 477 2367 MDLxx.
502 2337 545 2368 ut
561 2336 684 2368 narrat
706 2332 863 2368 Ioannes
886 2333 1040 2369 Boterus
1065 2335 1243 2373 Relation.
1267 2349 1303 2384 p.
1324 2347 1386 2374 111.
1408 2339 1469 2374 lib.
1490 2348 1515 2374 1.
1538 2350 1620 2387 pag.
1641 2348 1712 2374 L11.

324 2388 475 2434 Scripsit

470 2448 666 2488 Conciones
685 2449 848 2490 furiosas,
865 2451 1160 2489 cacodaemonum
1176 2452 1307 2497 spiritu
1324 2454 1456 2499 plenas,
1558 2455 1617 2489 lib.
1639 2464 1663 2488 1.
