<?xml version="1.0" encoding="UTF-8"?>
<!DOCTYPE html PUBLIC "-//W3C//DTD XHTML 1.0 Transitional//EN"
    "http://www.w3.org/TR/xhtml1/DTD/xhtml1-transitional.dtd">
<html xmlns="http://www.w3.org/1999/xhtml" xml:lang="en" lang="en">
 <head>
  <title>
</title>
<meta http-equiv="Content-Type" content="text/html;charset=utf-8" />
  <meta name='ocr-system' content='tesseract 3.04.00' />
  <meta name='ocr-capabilities' content='ocr_page ocr_carea ocr_par ocr_line ocrx_word'/>
</head>
<body>
  <div class='ocr_page' id='page_1' title='image "./thomaedempste2101dempuoft_0345.png"; bbox 0 0 2032 2912; ppageno 0'>
   <div class='ocr_carea' id='block_1_1' title="bbox 703 352 1745 394">
    <p class='ocr_par' dir='ltr' id='par_1_1' title="bbox 703 352 1745 394">
     <span class='ocr_line' id='line_1_1' title="bbox 703 352 1745 394; baseline -0.008 -4"><span class='ocrx_word' id='word_1_1' title='bbox 703 358 880 390; x_wconf 86' lang='lat' dir='ltr'><strong>GENTIS</strong></span> <span class='ocrx_word' id='word_1_2' title='bbox 906 355 1185 394; x_wconf 83' lang='lat' dir='ltr'><strong>SCOTORUM,</strong></span> <span class='ocrx_word' id='word_1_3' title='bbox 1210 356 1298 388; x_wconf 88' lang='lat' dir='ltr'>LlB.</span> <span class='ocrx_word' id='word_1_4' title='bbox 1323 354 1383 386; x_wconf 85' lang='lat' dir='ltr'>VI.</span> <span class='ocrx_word' id='word_1_5' title='bbox 1681 352 1745 382; x_wconf 73' lang='lat'>283</span> 
     </span>
    </p>
   </div>
   <div class='ocr_carea' id='block_1_2' title="bbox 350 450 1740 1123">
    <p class='ocr_par' dir='ltr' id='par_1_2' title="bbox 498 450 1635 603">
     <span class='ocr_line' id='line_1_2' title="bbox 498 450 1635 499; baseline -0.003 -12"><span class='ocrx_word' id='word_1_6' title='bbox 498 453 729 498; x_wconf 84' lang='lat' dir='ltr'>Prophetiam</span> <span class='ocrx_word' id='word_1_7' title='bbox 747 453 790 487; x_wconf 90' lang='lat' dir='ltr'>de</span> <span class='ocrx_word' id='word_1_8' title='bbox 810 453 936 499; x_wconf 87' lang='lat' dir='ltr'>Regno</span> <span class='ocrx_word' id='word_1_9' title='bbox 954 452 1125 487; x_wconf 90' lang='lat' dir='ltr'>Franciae</span> <span class='ocrx_word' id='word_1_10' title='bbox 1334 451 1394 485; x_wconf 91' lang='lat' dir='ltr'>lib.</span> <span class='ocrx_word' id='word_1_11' title='bbox 1416 460 1440 485; x_wconf 87' lang='lat'>1.</span> <span class='ocrx_word' id='word_1_12' title='bbox 1493 450 1635 495; x_wconf 88' lang='lat' dir='ltr'>Cratep.</span> 
     </span>
     <span class='ocr_line' id='line_1_3' title="bbox 500 509 1631 545; baseline -0.003 0"><span class='ocrx_word' id='word_1_13' title='bbox 500 511 687 545; x_wconf 85' lang='lat' dir='ltr'>Sermones</span> <span class='ocrx_word' id='word_1_14' title='bbox 705 511 750 544; x_wconf 88' lang='lat' dir='ltr'>ad</span> <span class='ocrx_word' id='word_1_15' title='bbox 769 511 913 544; x_wconf 85' lang='lat' dir='ltr'>Clerum</span> <span class='ocrx_word' id='word_1_16' title='bbox 931 522 1035 544; x_wconf 89' lang='lat' dir='ltr'>suum</span> <span class='ocrx_word' id='word_1_17' title='bbox 1335 510 1395 544; x_wconf 90' lang='lat' dir='ltr'>lib.</span> <span class='ocrx_word' id='word_1_18' title='bbox 1416 518 1442 543; x_wconf 94' lang='lat'>1.</span> <span class='ocrx_word' id='word_1_19' title='bbox 1493 509 1631 543; x_wconf 86' lang='lat' dir='ltr'>Surius.</span> 
     </span>
     <span class='ocr_line' id='line_1_4' title="bbox 500 567 1165 603; baseline -0.003 0"><span class='ocrx_word' id='word_1_20' title='bbox 500 569 620 603; x_wconf 90' lang='lat' dir='ltr'>Multa</span> <span class='ocrx_word' id='word_1_21' title='bbox 637 569 742 602; x_wconf 91' lang='lat' dir='ltr'>utilia</span> <span class='ocrx_word' id='word_1_22' title='bbox 760 567 950 602; x_wconf 84' lang='lat' dir='ltr'><strong>Ecclesiae.</strong></span> <span class='ocrx_word' id='word_1_23' title='bbox 1003 567 1165 601; x_wconf 85' lang='lat' dir='ltr'>Malmes.</span> 
     </span>
    </p>

    <p class='ocr_par' dir='ltr' id='par_1_3' title="bbox 350 624 1740 1123">
     <span class='ocr_line' id='line_1_5' title="bbox 400 624 1739 670; baseline -0.002 -9"><span class='ocrx_word' id='word_1_24' title='bbox 400 627 540 661; x_wconf 86' lang='lat' dir='ltr'>Claruit</span> <span class='ocrx_word' id='word_1_25' title='bbox 553 637 647 660; x_wconf 88' lang='lat' dir='ltr'>anno</span> <span class='ocrx_word' id='word_1_26' title='bbox 662 633 856 659; x_wconf 82' lang='lat' dir='ltr'><strong>Dchxlv.</strong></span> <span class='ocrx_word' id='word_1_27' title='bbox 897 625 1036 659; x_wconf 84' lang='lat' dir='ltr'>Colitur</span> <span class='ocrx_word' id='word_1_28' title='bbox 1048 634 1169 658; x_wconf 82' lang='lat' dir='ltr'>xvln.</span> <span class='ocrx_word' id='word_1_29' title='bbox 1180 624 1204 658; x_wconf 88' lang='lat' dir='ltr'>J</span> <span class='ocrx_word' id='word_1_30' title='bbox 1207 625 1282 659; x_wconf 91' lang='lat' dir='ltr'>ulii.</span> <span class='ocrx_word' id='word_1_31' title='bbox 1327 625 1462 659; x_wconf 90' lang='lat' dir='ltr'>Molan.</span> <span class='ocrx_word' id='word_1_32' title='bbox 1482 626 1576 670; x_wconf 88' lang='lat' dir='ltr'>apud</span> <span class='ocrx_word' id='word_1_33' title='bbox 1590 624 1739 659; x_wconf 87' lang='lat' dir='ltr'>Baroni·</span> 
     </span>
     <span class='ocr_line' id='line_1_6' title="bbox 351 683 1740 729; baseline -0.001 -11"><span class='ocrx_word' id='word_1_34' title='bbox 351 696 412 718; x_wconf 85' lang='lat' dir='ltr'>um</span> <span class='ocrx_word' id='word_1_35' title='bbox 432 686 469 718; x_wconf 90' lang='lat' dir='ltr'>in</span> <span class='ocrx_word' id='word_1_36' title='bbox 489 683 749 729; x_wconf 85' lang='lat' dir='ltr'>Martyrologio</span> <span class='ocrx_word' id='word_1_37' title='bbox 768 683 873 716; x_wconf 88' lang='lat' dir='ltr'>Rom.</span> <span class='ocrx_word' id='word_1_38' title='bbox 918 683 1044 716; x_wconf 88' lang='lat' dir='ltr'>Surius</span> <span class='ocrx_word' id='word_1_39' title='bbox 1062 688 1148 717; x_wconf 90' lang='lat' dir='ltr'>tom.</span> <span class='ocrx_word' id='word_1_40' title='bbox 1169 691 1223 717; x_wconf 84' lang='lat' dir='ltr'>IV.</span> <span class='ocrx_word' id='word_1_41' title='bbox 1267 683 1415 716; x_wconf 89' lang='lat' dir='ltr'>Annum</span> <span class='ocrx_word' id='word_1_42' title='bbox 1434 684 1465 717; x_wconf 87' lang='lat' dir='ltr'>ei</span> <span class='ocrx_word' id='word_1_43' title='bbox 1484 684 1666 729; x_wconf 86' lang='lat' dir='ltr'>assignant</span> <span class='ocrx_word' id='word_1_44' title='bbox 1680 683 1740 716; x_wconf 89' lang='lat' dir='ltr'>alii</span> 
     </span>
     <span class='ocr_line' id='line_1_7' title="bbox 352 740 1739 785; baseline -0.001 -10"><span class='ocrx_word' id='word_1_45' title='bbox 352 750 626 775; x_wconf 80' lang='lat' dir='ltr'><strong>DCCCXXXHX.</strong></span> <span class='ocrx_word' id='word_1_46' title='bbox 654 741 750 785; x_wconf 90' lang='lat' dir='ltr'>quod</span> <span class='ocrx_word' id='word_1_47' title='bbox 772 740 848 774; x_wconf 88' lang='lat' dir='ltr'>fieri</span> <span class='ocrx_word' id='word_1_48' title='bbox 875 741 937 774; x_wconf 83' lang='lat' dir='ltr'>vix</span> <span class='ocrx_word' id='word_1_49' title='bbox 961 745 1088 785; x_wconf 87' lang='lat' dir='ltr'>potest,</span> <span class='ocrx_word' id='word_1_50' title='bbox 1113 752 1195 774; x_wconf 89' lang='lat' dir='ltr'>nam</span> <span class='ocrx_word' id='word_1_51' title='bbox 1220 741 1249 774; x_wconf 88' lang='lat' dir='ltr'>si</span> <span class='ocrx_word' id='word_1_52' title='bbox 1276 751 1384 784; x_wconf 90' lang='lat' dir='ltr'>nepos</span> <span class='ocrx_word' id='word_1_53' title='bbox 1410 740 1446 774; x_wconf 90' lang='lat' dir='ltr'>S.</span> <span class='ocrx_word' id='word_1_54' title='bbox 1473 740 1649 775; x_wconf 88' lang='lat' dir='ltr'>Bonifacii</span> <span class='ocrx_word' id='word_1_55' title='bbox 1675 746 1739 781; x_wconf 89' lang='lat' dir='ltr'>est,</span> 
     </span>
     <span class='ocr_line' id='line_1_8' title="bbox 350 799 1740 843; baseline 0 -10"><span class='ocrx_word' id='word_1_56' title='bbox 350 804 391 833; x_wconf 92' lang='lat' dir='ltr'>ut</span> <span class='ocrx_word' id='word_1_57' title='bbox 409 800 555 839; x_wconf 88' lang='lat' dir='ltr'>dictum,</span> <span class='ocrx_word' id='word_1_58' title='bbox 575 804 610 833; x_wconf 86' lang='lat' dir='ltr'>et</span> <span class='ocrx_word' id='word_1_59' title='bbox 628 799 686 833; x_wconf 89' lang='lat' dir='ltr'>hic</span> <span class='ocrx_word' id='word_1_60' title='bbox 703 810 828 843; x_wconf 90' lang='lat' dir='ltr'>passus</span> <span class='ocrx_word' id='word_1_61' title='bbox 847 799 894 832; x_wconf 91' lang='lat' dir='ltr'>sit</span> <span class='ocrx_word' id='word_1_62' title='bbox 913 810 1006 832; x_wconf 91' lang='lat' dir='ltr'>anno</span> <span class='ocrx_word' id='word_1_63' title='bbox 1026 807 1170 832; x_wconf 81' lang='lat' dir='ltr'><strong>DCCLV.</strong></span> <span class='ocrx_word' id='word_1_64' title='bbox 1199 804 1305 833; x_wconf 88' lang='lat' dir='ltr'>erunt</span> <span class='ocrx_word' id='word_1_65' title='bbox 1329 800 1422 832; x_wconf 88' lang='lat' dir='ltr'>inter</span> <span class='ocrx_word' id='word_1_66' title='bbox 1444 799 1545 832; x_wconf 90' lang='lat' dir='ltr'>illum</span> <span class='ocrx_word' id='word_1_67' title='bbox 1571 804 1606 832; x_wconf 93' lang='lat' dir='ltr'>et</span> <span class='ocrx_word' id='word_1_68' title='bbox 1629 810 1740 833; x_wconf 86' lang='lat' dir='ltr'>avun-</span> 
     </span>
     <span class='ocr_line' id='line_1_9' title="bbox 352 856 1739 891; baseline -0.001 0"><span class='ocrx_word' id='word_1_69' title='bbox 352 859 471 891; x_wconf 87' lang='lat' dir='ltr'><strong>culum</strong></span> <span class='ocrx_word' id='word_1_70' title='bbox 500 858 584 891; x_wconf 90' lang='lat' dir='ltr'>anni</span> <span class='ocrx_word' id='word_1_71' title='bbox 612 865 762 890; x_wconf 84' lang='lat' dir='ltr'><strong>XXCnl.</strong></span> <span class='ocrx_word' id='word_1_72' title='bbox 793 861 829 891; x_wconf 85' lang='lat' dir='ltr'>et</span> <span class='ocrx_word' id='word_1_73' title='bbox 854 867 917 890; x_wconf 90' lang='lat' dir='ltr'>nec</span> <span class='ocrx_word' id='word_1_74' title='bbox 945 856 1152 890; x_wconf 86' lang='lat' dir='ltr'>Bonifacius</span> <span class='ocrx_word' id='word_1_75' title='bbox 1181 867 1244 890; x_wconf 87' lang='lat' dir='ltr'>nec</span> <span class='ocrx_word' id='word_1_76' title='bbox 1275 856 1477 890; x_wconf 85' lang='lat' dir='ltr'>Fridericus</span> <span class='ocrx_word' id='word_1_77' title='bbox 1504 857 1617 890; x_wconf 91' lang='lat' dir='ltr'>multo</span> <span class='ocrx_word' id='word_1_78' title='bbox 1643 857 1739 890; x_wconf 87' lang='lat' dir='ltr'>senio</span> 
     </span>
     <span class='ocr_line' id='line_1_10' title="bbox 350 915 1737 960; baseline -0.001 -11"><span class='ocrx_word' id='word_1_79' title='bbox 350 916 544 960; x_wconf 88' lang='lat' dir='ltr'>depositus,</span> <span class='ocrx_word' id='word_1_80' title='bbox 575 919 617 949; x_wconf 89' lang='lat' dir='ltr'>ut</span> <span class='ocrx_word' id='word_1_81' title='bbox 646 925 690 948; x_wconf 84' lang='lat' dir='ltr'>ex</span> <span class='ocrx_word' id='word_1_82' title='bbox 720 915 808 948; x_wconf 87' lang='lat' dir='ltr'>actis</span> <span class='ocrx_word' id='word_1_83' title='bbox 837 919 984 959; x_wconf 88' lang='lat' dir='ltr'>apparet</span> <span class='ocrx_word' id='word_1_84' title='bbox 1012 915 1079 948; x_wconf 89' lang='lat' dir='ltr'>sub</span> <span class='ocrx_word' id='word_1_85' title='bbox 1108 926 1241 949; x_wconf 89' lang='lat' dir='ltr'>annum</span> <span class='ocrx_word' id='word_1_86' title='bbox 1276 922 1490 948; x_wconf 83' lang='lat' dir='ltr'><strong>MCCCLXII.</strong></span> <span class='ocrx_word' id='word_1_87' title='bbox 1518 915 1574 948; x_wconf 86' lang='lat' dir='ltr'>die</span> <span class='ocrx_word' id='word_1_88' title='bbox 1601 923 1737 948; x_wconf 85' lang='lat' dir='ltr'><strong>XXIIX.</strong></span> 
     </span>
     <span class='ocr_line' id='line_1_11' title="bbox 350 971 1739 1017; baseline -0.001 -10"><span class='ocrx_word' id='word_1_89' title='bbox 350 973 372 1007; x_wconf 86' lang='lat' dir='ltr'>J</span> <span class='ocrx_word' id='word_1_90' title='bbox 376 974 451 1007; x_wconf 90' lang='lat' dir='ltr'>ulii.</span> <span class='ocrx_word' id='word_1_91' title='bbox 506 972 710 1012; x_wconf 84' lang='lat' dir='ltr'>Folckerus,</span> <span class='ocrx_word' id='word_1_92' title='bbox 730 972 915 1016; x_wconf 85' lang='lat' dir='ltr'>episcopus</span> <span class='ocrx_word' id='word_1_93' title='bbox 935 971 1093 1017; x_wconf 85' lang='lat' dir='ltr'>Trajecti</span> <span class='ocrx_word' id='word_1_94' title='bbox 1113 973 1277 1013; x_wconf 87' lang='lat' dir='ltr'>vicarius,</span> <span class='ocrx_word' id='word_1_95' title='bbox 1296 977 1404 1016; x_wconf 88' lang='lat' dir='ltr'>caput</span> <span class='ocrx_word' id='word_1_96' title='bbox 1421 983 1442 1006; x_wconf 91' lang='lat' dir='ltr'>a</span> <span class='ocrx_word' id='word_1_97' title='bbox 1459 983 1603 1016; x_wconf 86' lang='lat' dir='ltr'>corpore</span> <span class='ocrx_word' id='word_1_98' title='bbox 1621 972 1739 1006; x_wconf 87' lang='lat' dir='ltr'>abstu-</span> 
     </span>
     <span class='ocr_line' id='line_1_12' title="bbox 350 1028 1738 1077; baseline -0.001 -12"><span class='ocrx_word' id='word_1_99' title='bbox 350 1032 403 1071; x_wconf 88' lang='lat' dir='ltr'>lit,</span> <span class='ocrx_word' id='word_1_100' title='bbox 432 1042 520 1065; x_wconf 92' lang='lat' dir='ltr'>auro</span> <span class='ocrx_word' id='word_1_101' title='bbox 545 1035 581 1064; x_wconf 90' lang='lat' dir='ltr'>et</span> <span class='ocrx_word' id='word_1_102' title='bbox 609 1037 758 1077; x_wconf 89' lang='lat' dir='ltr'>argento</span> <span class='ocrx_word' id='word_1_103' title='bbox 784 1030 941 1064; x_wconf 86' lang='lat' dir='ltr'><strong>inclusit.</strong></span> <span class='ocrx_word' id='word_1_104' title='bbox 998 1030 1099 1064; x_wconf 88' lang='lat' dir='ltr'>Idem</span> <span class='ocrx_word' id='word_1_105' title='bbox 1125 1041 1325 1076; x_wconf 89' lang='lat' dir='ltr'>anonymus</span> <span class='ocrx_word' id='word_1_106' title='bbox 1351 1028 1536 1069; x_wconf 85' lang='lat' dir='ltr'>Surianus,</span> <span class='ocrx_word' id='word_1_107' title='bbox 1560 1030 1622 1074; x_wconf 93' lang='lat' dir='ltr'>qui</span> <span class='ocrx_word' id='word_1_108' title='bbox 1648 1031 1738 1064; x_wconf 83' lang='lat' dir='ltr'>male</span> 
     </span>
     <span class='ocr_line' id='line_1_13' title="bbox 351 1089 672 1123; baseline -0.003 0"><span class='ocrx_word' id='word_1_109' title='bbox 351 1089 538 1123; x_wconf 86' lang='lat' dir='ltr'>Frisonem</span> <span class='ocrx_word' id='word_1_110' title='bbox 558 1093 672 1122; x_wconf 90' lang='lat' dir='ltr'>vocat.</span> 
     </span>
    </p>
   </div>
   <div class='ocr_carea' id='block_1_3' title="bbox 808 1204 1283 1242">
    <p class='ocr_par' dir='ltr' id='par_1_4' title="bbox 808 1204 1283 1242">
     <span class='ocr_line' id='line_1_14' title="bbox 808 1204 1283 1242; baseline 0 -4"><span class='ocrx_word' id='word_1_111' title='bbox 808 1204 843 1238; x_wconf 90' lang='lat' dir='ltr'>S.</span> <span class='ocrx_word' id='word_1_112' title='bbox 872 1204 1147 1239; x_wconf 87' lang='lat' dir='ltr'><strong>FURSAEUS.</strong></span> <span class='ocrx_word' id='word_1_113' title='bbox 1201 1206 1283 1242; x_wconf 87' lang='lat'>517.</span> 
     </span>
    </p>
   </div>
   <div class='ocr_carea' id='block_1_4' title="bbox 344 1321 1744 2520">
    <p class='ocr_par' dir='ltr' id='par_1_5' title="bbox 344 1321 1744 2520">
     <span class='ocr_line' id='line_1_15' title="bbox 350 1321 1739 1361; baseline 0 -5"><span class='ocrx_word' id='word_1_114' title='bbox 350 1323 385 1356; x_wconf 87' lang='lat' dir='ltr'>S.</span> <span class='ocrx_word' id='word_1_115' title='bbox 406 1322 620 1356; x_wconf 78' lang='lat' dir='ltr'>FURSAEUS</span> <span class='ocrx_word' id='word_1_116' title='bbox 639 1321 776 1361; x_wconf 89' lang='lat' dir='ltr'>Seotus,</span> <span class='ocrx_word' id='word_1_117' title='bbox 795 1332 867 1355; x_wconf 86' lang='lat' dir='ltr'>non</span> <span class='ocrx_word' id='word_1_118' title='bbox 886 1321 1080 1361; x_wconf 88' lang='lat' dir='ltr'>Hibernus,</span> <span class='ocrx_word' id='word_1_119' title='bbox 1108 1322 1190 1355; x_wconf 86' lang='lat' dir='ltr'>licet</span> <span class='ocrx_word' id='word_1_120' title='bbox 1207 1333 1250 1355; x_wconf 88' lang='lat' dir='ltr'>ex</span> <span class='ocrx_word' id='word_1_121' title='bbox 1271 1321 1446 1356; x_wconf 82' lang='lat' dir='ltr'>Hibernia</span> <span class='ocrx_word' id='word_1_122' title='bbox 1471 1333 1550 1356; x_wconf 92' lang='lat' dir='ltr'>cum</span> <span class='ocrx_word' id='word_1_123' title='bbox 1578 1323 1679 1356; x_wconf 91' lang='lat' dir='ltr'>sociis</span> <span class='ocrx_word' id='word_1_124' title='bbox 1703 1324 1739 1356; x_wconf 91' lang='lat' dir='ltr'>in</span> 
     </span>
     <span class='ocr_line' id='line_1_16' title="bbox 350 1378 1741 1424; baseline -0.001 -10"><span class='ocrx_word' id='word_1_125' title='bbox 350 1380 502 1424; x_wconf 87' lang='lat' dir='ltr'>patriam</span> <span class='ocrx_word' id='word_1_126' title='bbox 522 1379 659 1412; x_wconf 87' lang='lat' dir='ltr'>venisse</span> <span class='ocrx_word' id='word_1_127' title='bbox 678 1379 864 1413; x_wconf 85' lang='lat' dir='ltr'><strong>scribatur.</strong></span> <span class='ocrx_word' id='word_1_128' title='bbox 918 1378 1011 1412; x_wconf 89' lang='lat' dir='ltr'>Vide</span> <span class='ocrx_word' id='word_1_129' title='bbox 1029 1390 1120 1423; x_wconf 87' lang='lat' dir='ltr'>quae</span> <span class='ocrx_word' id='word_1_130' title='bbox 1143 1379 1221 1413; x_wconf 87' lang='lat' dir='ltr'>fuse</span> <span class='ocrx_word' id='word_1_131' title='bbox 1239 1390 1348 1423; x_wconf 91' lang='lat' dir='ltr'>supra</span> <span class='ocrx_word' id='word_1_132' title='bbox 1373 1379 1411 1412; x_wconf 91' lang='lat' dir='ltr'>in</span> <span class='ocrx_word' id='word_1_133' title='bbox 1437 1379 1473 1413; x_wconf 88' lang='lat' dir='ltr'>S.</span> <span class='ocrx_word' id='word_1_134' title='bbox 1501 1380 1663 1413; x_wconf 85' lang='lat' dir='ltr'>Foillano</span> <span class='ocrx_word' id='word_1_135' title='bbox 1689 1381 1741 1414; x_wconf 91' lang='lat' dir='ltr'>di-</span> 
     </span>
     <span class='ocr_line' id='line_1_17' title="bbox 349 1436 1740 1483; baseline -0.001 -11"><span class='ocrx_word' id='word_1_136' title='bbox 349 1446 405 1472; x_wconf 87' lang='lat' dir='ltr'>cta</span> <span class='ocrx_word' id='word_1_137' title='bbox 435 1442 531 1471; x_wconf 83' lang='lat' dir='ltr'>sunt.</span> <span class='ocrx_word' id='word_1_138' title='bbox 584 1436 754 1471; x_wconf 90' lang='lat' dir='ltr'>Camden.</span> <span class='ocrx_word' id='word_1_139' title='bbox 786 1437 823 1470; x_wconf 91' lang='lat' dir='ltr'>in</span> <span class='ocrx_word' id='word_1_140' title='bbox 852 1436 990 1470; x_wconf 87' lang='lat' dir='ltr'>Suffolk</span> <span class='ocrx_word' id='word_1_141' title='bbox 1017 1448 1098 1482; x_wconf 86' lang='lat' dir='ltr'><strong>pag.</strong></span> <span class='ocrx_word' id='word_1_142' title='bbox 1119 1445 1328 1470; x_wconf 80' lang='lat' dir='ltr'><strong>CCCLXVII.</strong></span> <span class='ocrx_word' id='word_1_143' title='bbox 1357 1441 1378 1456; x_wconf 88' lang='lat'><strong>“</strong></span> <span class='ocrx_word' id='word_1_144' title='bbox 1398 1436 1441 1470; x_wconf 93' lang='lat' dir='ltr'>In</span> <span class='ocrx_word' id='word_1_145' title='bbox 1469 1437 1740 1483; x_wconf 88' lang='lat' dir='ltr'>Cnobersburge</span> 
     </span>
     <span class='ocr_line' id='line_1_18' title="bbox 349 1493 1741 1529; baseline 0 0"><span class='ocrx_word' id='word_1_146' title='bbox 349 1496 528 1529; x_wconf 80' lang='lat' dir='ltr'>Fursaeus</span> <span class='ocrx_word' id='word_1_147' title='bbox 543 1494 668 1528; x_wconf 87' lang='lat' dir='ltr'>Scotus</span> <span class='ocrx_word' id='word_1_148' title='bbox 684 1494 940 1528; x_wconf 88' lang='lat' dir='ltr'>monasterium</span> <span class='ocrx_word' id='word_1_149' title='bbox 955 1494 1166 1528; x_wconf 80' lang='lat' dir='ltr'>exstruxit.’‘</span> <span class='ocrx_word' id='word_1_150' title='bbox 1204 1493 1313 1528; x_wconf 90' lang='lat' dir='ltr'>Vides</span> <span class='ocrx_word' id='word_1_151' title='bbox 1327 1495 1544 1529; x_wconf 87' lang='lat' dir='ltr'>haereticum</span> <span class='ocrx_word' id='word_1_152' title='bbox 1563 1495 1741 1529; x_wconf 86' lang='lat' dir='ltr'>interdum</span> 
     </span>
     <span class='ocr_line' id='line_1_19' title="bbox 349 1551 1743 1598; baseline -0.001 -10"><span class='ocrx_word' id='word_1_153' title='bbox 349 1558 489 1588; x_wconf 89' lang='lat' dir='ltr'>sanctos</span> <span class='ocrx_word' id='word_1_154' title='bbox 524 1552 592 1586; x_wconf 90' lang='lat' dir='ltr'>Dei</span> <span class='ocrx_word' id='word_1_155' title='bbox 628 1563 709 1586; x_wconf 91' lang='lat' dir='ltr'>cum</span> <span class='ocrx_word' id='word_1_156' title='bbox 745 1551 945 1585; x_wconf 87' lang='lat' dir='ltr'>reverentia</span> <span class='ocrx_word' id='word_1_157' title='bbox 979 1553 1199 1596; x_wconf 86' lang='lat' dir='ltr'>compellare.</span> <span class='ocrx_word' id='word_1_158' title='bbox 1252 1552 1536 1598; x_wconf 90' lang='lat' dir='ltr'>Cognomentum</span> <span class='ocrx_word' id='word_1_159' title='bbox 1567 1553 1599 1586; x_wconf 93' lang='lat' dir='ltr'>ei</span> <span class='ocrx_word' id='word_1_160' title='bbox 1630 1551 1743 1588; x_wconf 85' lang='lat' dir='ltr'>Pere-</span> 
     </span>
     <span class='ocr_line' id='line_1_20' title="bbox 344 1609 1743 1657; baseline 0 -12"><span class='ocrx_word' id='word_1_161' title='bbox 344 1609 491 1657; x_wconf 72' lang='lat' dir='ltr'>grinus,</span> <span class='ocrx_word' id='word_1_162' title='bbox 521 1609 790 1654; x_wconf 86' lang='lat' dir='ltr'>habebaturque</span> <span class='ocrx_word' id='word_1_163' title='bbox 825 1610 961 1643; x_wconf 89' lang='lat' dir='ltr'>ordinis</span> <span class='ocrx_word' id='word_1_164' title='bbox 992 1609 1028 1643; x_wconf 90' lang='lat' dir='ltr'>S.</span> <span class='ocrx_word' id='word_1_165' title='bbox 1059 1610 1245 1644; x_wconf 89' lang='lat' dir='ltr'>Benedicti</span> <span class='ocrx_word' id='word_1_166' title='bbox 1275 1610 1377 1654; x_wconf 86' lang='lat' dir='ltr'>quasi</span> <span class='ocrx_word' id='word_1_167' title='bbox 1409 1621 1522 1644; x_wconf 88' lang='lat' dir='ltr'>novus</span> <span class='ocrx_word' id='word_1_168' title='bbox 1550 1611 1594 1644; x_wconf 91' lang='lat' dir='ltr'>iis</span> <span class='ocrx_word' id='word_1_169' title='bbox 1624 1611 1662 1644; x_wconf 88' lang='lat' dir='ltr'>in</span> <span class='ocrx_word' id='word_1_170' title='bbox 1689 1622 1743 1645; x_wconf 91' lang='lat' dir='ltr'>re-</span> 
     </span>
     <span class='ocr_line' id='line_1_21' title="bbox 349 1667 1737 1714; baseline 0 -12"><span class='ocrx_word' id='word_1_171' title='bbox 349 1669 515 1714; x_wconf 87' lang='lat' dir='ltr'>gionibus</span> <span class='ocrx_word' id='word_1_172' title='bbox 549 1668 730 1707; x_wconf 86' lang='lat' dir='ltr'>fundator,</span> <span class='ocrx_word' id='word_1_173' title='bbox 764 1678 837 1700; x_wconf 89' lang='lat' dir='ltr'>non</span> <span class='ocrx_word' id='word_1_174' title='bbox 871 1668 976 1701; x_wconf 93' lang='lat' dir='ltr'>modo</span> <span class='ocrx_word' id='word_1_175' title='bbox 1006 1672 1236 1701; x_wconf 83' lang='lat' dir='ltr'>restaurator.</span> <span class='ocrx_word' id='word_1_176' title='bbox 1293 1667 1349 1701; x_wconf 87' lang='lat' dir='ltr'>Jo.</span> <span class='ocrx_word' id='word_1_177' title='bbox 1380 1667 1555 1701; x_wconf 90' lang='lat' dir='ltr'>Trithem.</span> <span class='ocrx_word' id='word_1_178' title='bbox 1587 1668 1647 1702; x_wconf 88' lang='lat' dir='ltr'>lib.</span> <span class='ocrx_word' id='word_1_179' title='bbox 1678 1677 1737 1702; x_wconf 85' lang='lat'>111.</span> 
     </span>
     <span class='ocr_line' id='line_1_22' title="bbox 348 1724 1741 1769; baseline -0.001 -8"><span class='ocrx_word' id='word_1_180' title='bbox 348 1728 392 1760; x_wconf 88' lang='lat' dir='ltr'>de</span> <span class='ocrx_word' id='word_1_181' title='bbox 409 1726 488 1761; x_wconf 89' lang='lat' dir='ltr'>Vir.</span> <span class='ocrx_word' id='word_1_182' title='bbox 506 1727 636 1760; x_wconf 86' lang='lat' dir='ltr'>illustr.</span> <span class='ocrx_word' id='word_1_183' title='bbox 655 1725 742 1758; x_wconf 92' lang='lat' dir='ltr'>Ord.</span> <span class='ocrx_word' id='word_1_184' title='bbox 762 1724 798 1758; x_wconf 91' lang='lat' dir='ltr'>S.</span> <span class='ocrx_word' id='word_1_185' title='bbox 819 1724 1004 1759; x_wconf 86' lang='lat' dir='ltr'>Benedicti</span> <span class='ocrx_word' id='word_1_186' title='bbox 1030 1735 1105 1769; x_wconf 87' lang='lat' dir='ltr'>cap.</span> <span class='ocrx_word' id='word_1_187' title='bbox 1127 1733 1302 1758; x_wconf 85' lang='lat' dir='ltr'><strong>LXXXVI.</strong></span> <span class='ocrx_word' id='word_1_188' title='bbox 1353 1724 1389 1758; x_wconf 90' lang='lat' dir='ltr'><strong>A</strong></span> <span class='ocrx_word' id='word_1_189' title='bbox 1407 1724 1606 1759; x_wconf 86' lang='lat' dir='ltr'>Clodovaeo</span> <span class='ocrx_word' id='word_1_190' title='bbox 1630 1726 1741 1760; x_wconf 86' lang='lat' dir='ltr'>Fran-</span> 
     </span>
     <span class='ocr_line' id='line_1_23' title="bbox 349 1781 1742 1829; baseline -0.001 -10"><span class='ocrx_word' id='word_1_191' title='bbox 349 1796 471 1819; x_wconf 89' lang='lat' dir='ltr'>corum</span> <span class='ocrx_word' id='word_1_192' title='bbox 506 1795 589 1829; x_wconf 88' lang='lat' dir='ltr'>rege</span> <span class='ocrx_word' id='word_1_193' title='bbox 623 1782 879 1816; x_wconf 86' lang='lat' dir='ltr'>humanissime</span> <span class='ocrx_word' id='word_1_194' title='bbox 920 1787 1098 1827; x_wconf 86' lang='lat' dir='ltr'>exceptus,</span> <span class='ocrx_word' id='word_1_195' title='bbox 1142 1782 1349 1816; x_wconf 88' lang='lat' dir='ltr'>coenobium</span> <span class='ocrx_word' id='word_1_196' title='bbox 1384 1781 1620 1823; x_wconf 87' lang='lat' dir='ltr'>Latiniacum‚</span> <span class='ocrx_word' id='word_1_197' title='bbox 1664 1786 1742 1818; x_wconf 90' lang='lat' dir='ltr'>vul-</span> 
     </span>
     <span class='ocr_line' id='line_1_24' title="bbox 348 1839 1740 1889; baseline 0 -12"><span class='ocrx_word' id='word_1_198' title='bbox 348 1854 394 1889; x_wconf 90' lang='lat' dir='ltr'>go</span> <span class='ocrx_word' id='word_1_199' title='bbox 411 1843 516 1877; x_wconf 91' lang='lat' dir='ltr'>hodie</span> <span class='ocrx_word' id='word_1_200' title='bbox 535 1839 700 1886; x_wconf 76' lang='lat' dir='ltr'>Laigny‚</span> <span class='ocrx_word' id='word_1_201' title='bbox 719 1840 909 1874; x_wconf 85' lang='lat' dir='ltr'>exstruxit.</span> <span class='ocrx_word' id='word_1_202' title='bbox 961 1839 1118 1885; x_wconf 90' lang='lat' dir='ltr'>Aymon.</span> <span class='ocrx_word' id='word_1_203' title='bbox 1138 1840 1299 1874; x_wconf 88' lang='lat' dir='ltr'>monach.</span> <span class='ocrx_word' id='word_1_204' title='bbox 1319 1840 1379 1874; x_wconf 93' lang='lat' dir='ltr'>lib.</span> <span class='ocrx_word' id='word_1_205' title='bbox 1400 1849 1425 1874; x_wconf 92' lang='lat'>1.</span> <span class='ocrx_word' id='word_1_206' title='bbox 1454 1840 1550 1874; x_wconf 85' lang='lat' dir='ltr'>Hist.</span> <span class='ocrx_word' id='word_1_207' title='bbox 1570 1840 1740 1877; x_wconf 87' lang='lat' dir='ltr'>Francor.</span> 
     </span>
     <span class='ocr_line' id='line_1_25' title="bbox 349 1897 1740 1946; baseline -0.001 -10"><span class='ocrx_word' id='word_1_208' title='bbox 349 1912 424 1946; x_wconf 87' lang='lat' dir='ltr'>cap.</span> <span class='ocrx_word' id='word_1_209' title='bbox 457 1909 578 1934; x_wconf 84' lang='lat' dir='ltr'><strong>XVIII.</strong></span> <span class='ocrx_word' id='word_1_210' title='bbox 632 1899 756 1933; x_wconf 87' lang='lat' dir='ltr'>Vitam</span> <span class='ocrx_word' id='word_1_211' title='bbox 785 1899 862 1944; x_wconf 78' lang='lat' dir='ltr'>eJus</span> <span class='ocrx_word' id='word_1_212' title='bbox 891 1902 927 1932; x_wconf 88' lang='lat' dir='ltr'>et</span> <span class='ocrx_word' id='word_1_213' title='bbox 955 1898 1130 1932; x_wconf 86' lang='lat' dir='ltr'>sociorum</span> <span class='ocrx_word' id='word_1_214' title='bbox 1158 1898 1338 1942; x_wconf 89' lang='lat' dir='ltr'>promittit</span> <span class='ocrx_word' id='word_1_215' title='bbox 1366 1897 1466 1932; x_wconf 90' lang='lat' dir='ltr'>Beda</span> <span class='ocrx_word' id='word_1_216' title='bbox 1494 1898 1555 1932; x_wconf 92' lang='lat' dir='ltr'>lib.</span> <span class='ocrx_word' id='word_1_217' title='bbox 1584 1908 1644 1934; x_wconf 92' lang='lat'>111.</span> <span class='ocrx_word' id='word_1_218' title='bbox 1671 1899 1740 1934; x_wconf 89' lang='lat' dir='ltr'>Ec-</span> 
     </span>
     <span class='ocr_line' id='line_1_26' title="bbox 349 1956 1740 2002; baseline -0.001 -9"><span class='ocrx_word' id='word_1_219' title='bbox 349 1959 499 1993; x_wconf 87' lang='lat' dir='ltr'>clesiast.</span> <span class='ocrx_word' id='word_1_220' title='bbox 520 1958 617 1991; x_wconf 90' lang='lat' dir='ltr'>Hist.</span> <span class='ocrx_word' id='word_1_221' title='bbox 637 1956 789 2002; x_wconf 88' lang='lat' dir='ltr'>Anglor.</span> <span class='ocrx_word' id='word_1_222' title='bbox 809 1966 884 2000; x_wconf 91' lang='lat' dir='ltr'>cap.</span> <span class='ocrx_word' id='word_1_223' title='bbox 905 1965 994 1989; x_wconf 78' lang='lat' dir='ltr'>Xix.</span> <span class='ocrx_word' id='word_1_224' title='bbox 1021 1956 1082 1989; x_wconf 89' lang='lat' dir='ltr'>sed</span> <span class='ocrx_word' id='word_1_225' title='bbox 1108 1967 1149 1990; x_wconf 86' lang='lat' dir='ltr'>ea</span> <span class='ocrx_word' id='word_1_226' title='bbox 1175 1956 1231 1989; x_wconf 87' lang='lat' dir='ltr'>vel</span> <span class='ocrx_word' id='word_1_227' title='bbox 1256 1966 1327 1990; x_wconf 89' lang='lat' dir='ltr'>non</span> <span class='ocrx_word' id='word_1_228' title='bbox 1351 1956 1494 2000; x_wconf 85' lang='lat' dir='ltr'>prodiit,</span> <span class='ocrx_word' id='word_1_229' title='bbox 1518 1958 1575 1991; x_wconf 90' lang='lat' dir='ltr'>vel</span> <span class='ocrx_word' id='word_1_230' title='bbox 1591 1958 1740 1992; x_wconf 88' lang='lat' dir='ltr'>interiit.</span> 
     </span>
     <span class='ocr_line' id='line_1_27' title="bbox 351 2013 1743 2061; baseline -0.001 -10"><span class='ocrx_word' id='word_1_231' title='bbox 351 2017 437 2051; x_wconf 93' lang='lat' dir='ltr'>Alia</span> <span class='ocrx_word' id='word_1_232' title='bbox 468 2021 532 2056; x_wconf 86' lang='lat' dir='ltr'>est,</span> <span class='ocrx_word' id='word_1_233' title='bbox 559 2027 666 2060; x_wconf 83' lang='lat' dir='ltr'>quam</span> <span class='ocrx_word' id='word_1_234' title='bbox 696 2015 822 2048; x_wconf 85' lang='lat' dir='ltr'>recitat</span> <span class='ocrx_word' id='word_1_235' title='bbox 847 2014 974 2048; x_wconf 84' lang='lat' dir='ltr'>Surius</span> <span class='ocrx_word' id='word_1_236' title='bbox 999 2019 1085 2048; x_wconf 90' lang='lat' dir='ltr'>tom.</span> <span class='ocrx_word' id='word_1_237' title='bbox 1114 2023 1138 2047; x_wconf 93' lang='lat'>1.</span> <span class='ocrx_word' id='word_1_238' title='bbox 1165 2014 1221 2048; x_wconf 89' lang='lat' dir='ltr'>die</span> <span class='ocrx_word' id='word_1_239' title='bbox 1248 2022 1334 2047; x_wconf 85' lang='lat' dir='ltr'><strong>XVI.</strong></span> <span class='ocrx_word' id='word_1_240' title='bbox 1360 2013 1508 2048; x_wconf 86' lang='lat' dir='ltr'>Januar.</span> <span class='ocrx_word' id='word_1_241' title='bbox 1561 2015 1604 2049; x_wconf 90' lang='lat' dir='ltr'>In</span> <span class='ocrx_word' id='word_1_242' title='bbox 1630 2017 1743 2061; x_wconf 86' lang='lat' dir='ltr'>epito-</span> 
     </span>
     <span class='ocr_line' id='line_1_28' title="bbox 349 2071 1740 2119; baseline 0 -11"><span class='ocrx_word' id='word_1_243' title='bbox 349 2086 431 2108; x_wconf 91' lang='lat' dir='ltr'>men</span> <span class='ocrx_word' id='word_1_244' title='bbox 466 2074 603 2119; x_wconf 86' lang='lat' dir='ltr'>redegit</span> <span class='ocrx_word' id='word_1_245' title='bbox 636 2073 814 2107; x_wconf 88' lang='lat' dir='ltr'>Francisc.</span> <span class='ocrx_word' id='word_1_246' title='bbox 849 2071 1023 2111; x_wconf 83' lang='lat' dir='ltr'>Haraeus,</span> <span class='ocrx_word' id='word_1_247' title='bbox 1058 2083 1129 2116; x_wconf 93' lang='lat' dir='ltr'>quo</span> <span class='ocrx_word' id='word_1_248' title='bbox 1163 2072 1220 2106; x_wconf 87' lang='lat' dir='ltr'>die</span> <span class='ocrx_word' id='word_1_249' title='bbox 1254 2073 1397 2106; x_wconf 88' lang='lat' dir='ltr'>ecclesia</span> <span class='ocrx_word' id='word_1_250' title='bbox 1426 2073 1503 2118; x_wconf 88' lang='lat' dir='ltr'>ejus</span> <span class='ocrx_word' id='word_1_251' title='bbox 1534 2075 1740 2108; x_wconf 89' lang='lat' dir='ltr'>memoriam</span> 
     </span>
     <span class='ocr_line' id='line_1_29' title="bbox 349 2129 1741 2176; baseline 0.001 -10"><span class='ocrx_word' id='word_1_252' title='bbox 349 2133 483 2167; x_wconf 86' lang='lat' dir='ltr'>recolit.</span> <span class='ocrx_word' id='word_1_253' title='bbox 536 2131 773 2176; x_wconf 89' lang='lat' dir='ltr'>Martyrolog.</span> <span class='ocrx_word' id='word_1_254' title='bbox 802 2130 954 2164; x_wconf 87' lang='lat' dir='ltr'>Roman.</span> <span class='ocrx_word' id='word_1_255' title='bbox 982 2134 1003 2149; x_wconf 82' lang='lat'>‘⁴</span> <span class='ocrx_word' id='word_1_256' title='bbox 1022 2129 1066 2163; x_wconf 89' lang='lat' dir='ltr'>In</span> <span class='ocrx_word' id='word_1_257' title='bbox 1092 2130 1306 2164; x_wconf 88' lang='lat' dir='ltr'>monasterio</span> <span class='ocrx_word' id='word_1_258' title='bbox 1330 2129 1488 2165; x_wconf 86' lang='lat' dir='ltr'>Peronae</span> <span class='ocrx_word' id='word_1_259' title='bbox 1506 2130 1541 2165; x_wconf 89' lang='lat' dir='ltr'>S.</span> <span class='ocrx_word' id='word_1_260' title='bbox 1561 2131 1741 2167; x_wconf 87' lang='lat' dir='ltr'>Fursaei.’&#39;</span> 
     </span>
     <span class='ocr_line' id='line_1_30' title="bbox 352 2186 1744 2233; baseline 0 -8"><span class='ocrx_word' id='word_1_261' title='bbox 352 2190 482 2225; x_wconf 89' lang='lat' dir='ltr'>Petrus</span> <span class='ocrx_word' id='word_1_262' title='bbox 508 2188 711 2224; x_wconf 85' lang='lat' dir='ltr'>Galesinius</span> <span class='ocrx_word' id='word_1_263' title='bbox 738 2188 1004 2232; x_wconf 85' lang='lat' dir='ltr'>protonotarius</span> <span class='ocrx_word' id='word_1_264' title='bbox 1031 2187 1069 2221; x_wconf 93' lang='lat' dir='ltr'>in</span> <span class='ocrx_word' id='word_1_265' title='bbox 1096 2186 1356 2233; x_wconf 88' lang='lat' dir='ltr'>Martyrologio</span> <span class='ocrx_word' id='word_1_266' title='bbox 1382 2198 1467 2222; x_wconf 91' lang='lat' dir='ltr'>suo:</span> <span class='ocrx_word' id='word_1_267' title='bbox 1497 2193 1518 2208; x_wconf 86' lang='lat'><strong><em>“</em></strong></span> <span class='ocrx_word' id='word_1_268' title='bbox 1537 2188 1580 2223; x_wconf 88' lang='lat' dir='ltr'>In</span> <span class='ocrx_word' id='word_1_269' title='bbox 1602 2189 1744 2225; x_wconf 84' lang='lat' dir='ltr'>Parona</span> 
     </span>
     <span class='ocr_line' id='line_1_31' title="bbox 349 2245 1742 2294; baseline -0.001 -11"><span class='ocrx_word' id='word_1_270' title='bbox 349 2247 566 2283; x_wconf 90' lang='lat' dir='ltr'>monasterio</span> <span class='ocrx_word' id='word_1_271' title='bbox 584 2246 646 2280; x_wconf 86' lang='lat' dir='ltr'>SS.</span> <span class='ocrx_word' id='word_1_272' title='bbox 666 2246 814 2280; x_wconf 87' lang='lat' dir='ltr'>Fursaei</span> <span class='ocrx_word' id='word_1_273' title='bbox 833 2245 1052 2285; x_wconf 87' lang='lat' dir='ltr'>confessoris,</span> <span class='ocrx_word' id='word_1_274' title='bbox 1072 2245 1243 2285; x_wconf 81' lang='lat' dir='ltr'>Floriani,</span> <span class='ocrx_word' id='word_1_275' title='bbox 1261 2250 1297 2279; x_wconf 91' lang='lat' dir='ltr'>et</span> <span class='ocrx_word' id='word_1_276' title='bbox 1315 2245 1451 2286; x_wconf 87' lang='lat' dir='ltr'>Ultani‚</span> <span class='ocrx_word' id='word_1_277' title='bbox 1475 2245 1629 2281; x_wconf 87' lang='lat' dir='ltr'>fratrum</span> <span class='ocrx_word' id='word_1_278' title='bbox 1653 2249 1742 2294; x_wconf 90' lang='lat' dir='ltr'>ejus,</span> 
     </span>
     <span class='ocr_line' id='line_1_32' title="bbox 349 2303 1742 2352; baseline 0.001 -12"><span class='ocrx_word' id='word_1_279' title='bbox 349 2317 502 2352; x_wconf 88' lang='lat' dir='ltr'>quorum</span> <span class='ocrx_word' id='word_1_280' title='bbox 520 2309 640 2339; x_wconf 88' lang='lat' dir='ltr'>sancte</span> <span class='ocrx_word' id='word_1_281' title='bbox 657 2309 758 2351; x_wconf 85' lang='lat' dir='ltr'>gesta</span> <span class='ocrx_word' id='word_1_282' title='bbox 775 2304 871 2348; x_wconf 89' lang='lat' dir='ltr'>apud</span> <span class='ocrx_word' id='word_1_283' title='bbox 888 2303 1023 2337; x_wconf 90' lang='lat' dir='ltr'>Bedam</span> <span class='ocrx_word' id='word_1_284' title='bbox 1042 2303 1159 2338; x_wconf 88' lang='lat' dir='ltr'>sunt.’&#39;</span> <span class='ocrx_word' id='word_1_285' title='bbox 1209 2303 1469 2338; x_wconf 87' lang='lat' dir='ltr'>Monasterium</span> <span class='ocrx_word' id='word_1_286' title='bbox 1487 2305 1554 2339; x_wconf 92' lang='lat' dir='ltr'>hoc</span> <span class='ocrx_word' id='word_1_287' title='bbox 1572 2304 1742 2347; x_wconf 86' lang='lat' dir='ltr'>Parrona,</span> 
     </span>
     <span class='ocr_line' id='line_1_33' title="bbox 353 2360 1743 2403; baseline 0 -5"><span class='ocrx_word' id='word_1_288' title='bbox 353 2364 521 2403; x_wconf 85' lang='lat' dir='ltr'>Perrona,</span> <span class='ocrx_word' id='word_1_289' title='bbox 540 2362 691 2402; x_wconf 87' lang='lat' dir='ltr'>Parona,</span> <span class='ocrx_word' id='word_1_290' title='bbox 710 2366 745 2396; x_wconf 90' lang='lat' dir='ltr'>et</span> <span class='ocrx_word' id='word_1_291' title='bbox 764 2361 914 2400; x_wconf 88' lang='lat' dir='ltr'>Perona‚</span> <span class='ocrx_word' id='word_1_292' title='bbox 937 2360 1042 2395; x_wconf 90' lang='lat' dir='ltr'>hodie</span> <span class='ocrx_word' id='word_1_293' title='bbox 1060 2361 1145 2395; x_wconf 86' lang='lat' dir='ltr'>urbs</span> <span class='ocrx_word' id='word_1_294' title='bbox 1163 2360 1299 2395; x_wconf 89' lang='lat' dir='ltr'>Galliae</span> <span class='ocrx_word' id='word_1_295' title='bbox 1318 2362 1558 2397; x_wconf 87' lang='lat' dir='ltr'>munitissima</span> <span class='ocrx_word' id='word_1_296' title='bbox 1575 2363 1612 2397; x_wconf 91' lang='lat' dir='ltr'>in</span> <span class='ocrx_word' id='word_1_297' title='bbox 1631 2364 1743 2398; x_wconf 91' lang='lat' dir='ltr'>Mori-</span> 
     </span>
     <span class='ocr_line' id='line_1_34' title="bbox 350 2419 1743 2467; baseline 0.001 -12"><span class='ocrx_word' id='word_1_298' title='bbox 350 2423 406 2456; x_wconf 90' lang='lat' dir='ltr'>nis</span> <span class='ocrx_word' id='word_1_299' title='bbox 442 2422 487 2455; x_wconf 91' lang='lat' dir='ltr'>ad</span> <span class='ocrx_word' id='word_1_300' title='bbox 521 2420 638 2467; x_wconf 89' lang='lat' dir='ltr'>Belgii</span> <span class='ocrx_word' id='word_1_301' title='bbox 673 2419 875 2459; x_wconf 87' lang='lat' dir='ltr'>confinium,</span> <span class='ocrx_word' id='word_1_302' title='bbox 911 2430 992 2453; x_wconf 92' lang='lat' dir='ltr'>cum</span> <span class='ocrx_word' id='word_1_303' title='bbox 1027 2420 1159 2466; x_wconf 88' lang='lat' dir='ltr'>insigni</span> <span class='ocrx_word' id='word_1_304' title='bbox 1195 2419 1381 2466; x_wconf 84' lang='lat' dir='ltr'>collegiata</span> <span class='ocrx_word' id='word_1_305' title='bbox 1417 2421 1572 2461; x_wconf 86' lang='lat' dir='ltr'>ecclesia,</span> <span class='ocrx_word' id='word_1_306' title='bbox 1602 2422 1639 2455; x_wconf 90' lang='lat' dir='ltr'>in</span> <span class='ocrx_word' id='word_1_307' title='bbox 1672 2434 1743 2466; x_wconf 89' lang='lat' dir='ltr'>qua</span> 
     </span>
     <span class='ocr_line' id='line_1_35' title="bbox 351 2476 1740 2520; baseline 0 -6"><span class='ocrx_word' id='word_1_308' title='bbox 351 2480 456 2514; x_wconf 91' lang='lat' dir='ltr'>hodie</span> <span class='ocrx_word' id='word_1_309' title='bbox 490 2479 646 2513; x_wconf 89' lang='lat' dir='ltr'>illustres</span> <span class='ocrx_word' id='word_1_310' title='bbox 682 2478 844 2512; x_wconf 87' lang='lat' dir='ltr'>nonnulli</span> <span class='ocrx_word' id='word_1_311' title='bbox 876 2476 984 2517; x_wconf 64' lang='lat' dir='ltr'>Semi,</span> <span class='ocrx_word' id='word_1_312' title='bbox 1018 2476 1251 2519; x_wconf 81' lang='lat' dir='ltr'>Gallovidius,</span> <span class='ocrx_word' id='word_1_313' title='bbox 1286 2477 1482 2520; x_wconf 66' lang='lat' dir='ltr'>Chresfius,</span> <span class='ocrx_word' id='word_1_314' title='bbox 1517 2478 1740 2520; x_wconf 84' lang='lat' dir='ltr'>Finlasonus,</span> 
     </span>
    </p>
   </div>
  </div>
 </body>
</html>
