2032 2912
666 342 842 375 GENTIS
867 342 1143 383 SCOTORUM,
1169 343 1258 377 LIB.
1282 344 1360 377 V11.
1642 346 1703 378 301

323 436 554 470 Hermannus
573 435 787 471 Contractus
808 437 846 471 in
869 437 1046 474 Chronico
1075 439 1120 473 ad
1148 450 1228 473 eum
1255 449 1411 480 annum3
1441 439 1529 474 obiit
1555 441 1706 486 denique

319 505 413 529 anno
432 502 555 528 DCXL.
577 493 709 528 Caesar
734 493 913 529 Batonius
938 499 974 529 et
1000 496 1072 537 alii,
1099 501 1181 541 post
1205 497 1398 532 adventum
1425 509 1530 532 suum
1555 498 1594 532 in
1619 497 1706 533 Ger-

319 552 474 586 maniam
494 562 588 586 anno
606 560 755 586 XXXVI.
806 552 970 597 Denique
987 554 1181 588 versiculus
1199 554 1258 588 ille
1275 556 1415 600 elegans
1433 566 1506 589 non
1528 559 1583 590 est
1604 567 1705 601 prae-

320 609 572 644 termittendus
590 609 629 643 in
647 608 908 656 Martyrologio
926 609 1094 651 Usuardi,
1113 611 1170 645 die
1184 611 1261 657 jam
1278 623 1381 656 saepe
1398 613 1509 648 dicto:

581 687 643 724 Qui
658 688 763 718 Scotus
776 693 872 724 natus,
887 699 953 718 cum
969 689 1071 720 Suevis
1085 690 1203 720 collocat
1217 696 1305 721 artus.

765 795 802 830 S.
830 795 1126 832 GERMANUS.
1180 800 1262 832 558.

318 895 353 930 S.
374 894 576 930 GIBRIANI
593 894 722 929 fratres
740 899 875 939 septem
892 906 975 929 eum
991 906 1064 929 non
1081 906 1126 930 ex
1150 895 1335 937 Hibernia,
1359 902 1401 933 ut
1424 899 1514 933 male
1539 899 1706 934 Flodoar-

316 955 384 988 dus
403 952 501 988 Hist.
521 953 696 987 Rhemen.
714 952 775 987 lib.
796 961 849 986 IV.
869 963 944 997 cap.
964 962 1021 987 lx.
1040 954 1129 994 vult,
1156 954 1214 988 sed
1241 965 1285 988 ex
1309 954 1438 996 Scotia,
1462 960 1505 990 ut
1526 955 1620 990 infra
1642 956 1707 990 hoc

317 1022 422 1056 opere
439 1010 662 1055 probabitur,
683 1010 807 1050 secuti,
831 1011 1033 1057 religiosam
1057 1011 1169 1045 vitam
1193 1012 1231 1045 in
1254 1011 1448 1047 Rhemensi
1466 1018 1584 1048 tractu
1600 1014 1706 1048 duxe-

318 1073 415 1109 runt,
443 1068 617 1108 Tesanus,
644 1067 837 1108 Tresanus,
866 1067 1076 1109 Germanus,
1102 1068 1277 1110 Vetanus,
1307 1069 1487 1111 Abranus,
1519 1071 1704 1112 Petranus,

318 1137 439 1162 omnes
465 1130 669 1160 sanctorum
695 1125 776 1160 albo
801 1126 946 1170 ascripti
973 1126 1108 1160 Molan.
1135 1127 1173 1160 in
1199 1126 1318 1161 Natal.
1347 1127 1408 1162 SS.
1434 1128 1551 1174 Belgii
1570 1129 1626 1163 die
1646 1137 1705 1163 111.

318 1184 485 1218 Decemb.
504 1184 671 1218 observat
689 1182 865 1229 Georgius
892 1183 1122 1218 Colvenerius
1149 1184 1347 1231 theologus.
1398 1185 1474 1220 Nec
1496 1186 1539 1220 de
1562 1185 1597 1220 S.
1622 1185 1709 1220 Ger-

317 1253 423 1276 mano
440 1241 632 1287 quicquam
651 1241 816 1285 comperi,
838 1252 879 1275 ac
896 1241 1013 1276 nescio
1031 1253 1076 1276 an
1094 1242 1229 1287 aliquid
1249 1243 1439 1288 scripserit.
1491 1243 1631 1278 Claruit
1647 1254 1708 1277 an-

317 1310 364 1333 no
384 1308 471 1333 DIX.
524 1298 617 1334 Vide
634 1297 731 1332 infra
748 1299 791 1332 de
810 1297 985 1333 Gibirino.

762 1413 798 1447 S.
826 1412 1135 1449 GERVADIUS.
1189 1417 1272 1453 559.

319 1534 340 1550 “
367 1529 404 1564 S.
432 1529 690 1570 GERVADIUS‚
717 1528 902 1574 episcopus
927 1528 1091 1576 insignis,
1118 1528 1255 1564 Christi
1279 1529 1456 1576 dogmatis
1483 1530 1522 1564 in
1547 1530 1711 1565 Moravia

319 1587 579 1627 concionator‚”
597 1587 647 1621 ait
667 1586 772 1621 Hect.
792 1586 921 1621 Boeth.
939 1587 1000 1621 lib.
1020 1596 1060 1621 x.
1085 1587 1182 1621 Hist.
1202 1587 1296 1622 Scot.
1310 1599 1392 1634 pag.
1411 1596 1519 1621 CXCI.
1558 1587 1593 1621 S.
1612 1589 1710 1622 habi-

320 1650 389 1679 tus.
433 1644 456 1677 J
459 1655 538 1678 oan.
557 1643 727 1678 Leslaeus
744 1644 806 1678 lib.
827 1652 864 1678 V.
900 1644 1022 1679 Uvion
1039 1645 1101 1679 lib.
1118 1654 1179 1679 111.
1198 1644 1280 1691 Lig.
1299 1645 1405 1680 Vitae
1422 1656 1503 1691 pag.
1522 1653 1708 1679 ccccxvx.

319 1702 414 1747 Ejus
432 1706 541 1736 sunt:

466 1758 726 1793 Enarrationes
743 1769 863 1793 sacrae
881 1757 1085 1803 Scripturae
1306 1759 1367 1794 lib.
1388 1768 1413 1793 1.

466 1816 662 1851 Conciones
680 1817 760 1861 piae
1306 1817 1367 1851 lib.
1388 1827 1413 1851 1.

368 1874 537 1909 Florebat
553 1874 621 1909 sub
638 1874 779 1909 Achato
797 1885 891 1920 rege,
909 1878 1067 1918 tempore
1085 1874 1205 1909 Caroli
1225 1874 1351 1921 Magni
1365 1876 1599 1920 imperatoris,
1617 1887 1708 1910 anno

321 1941 549 1967 DeccxvnI.
568 1936 631 1967 aut
649 1932 800 1966 circiter.
852 1931 958 1966 Alius
976 1944 997 1966 a
1014 1931 1051 1966 S.
1066 1931 1256 1972 Gervadio,
1276 1932 1517 1967 Murraviensi
1531 1934 1704 1978 episcopo,

320 1992 362 2025 de
380 2001 452 2035 quo
470 1990 589 2031 infra3
608 2002 692 2024 nam
710 1990 768 2023 hic
786 1990 868 2024 licet
885 1991 1006 2024 eodem
1026 1995 1185 2035 tempore
1202 2001 1282 2025 cum
1300 1991 1380 2031 alio,
1398 1991 1558 2026 diversus
1576 1995 1705 2030 tamen,

320 2054 355 2083 et
374 2048 653 2083 Brechinensem
671 2048 765 2082 rexit
783 2048 976 2082 ecclesiam.

776 2163 812 2197 S.
841 2162 1116 2198 GIBIRINUS.
1170 2162 1253 2198 560.

323 2284 343 2299 “
370 2279 406 2313 S.
434 2278 666 2319 GIBIRINUS,
696 2279 759 2324 qui
790 2279 868 2313 aliis
900 2278 1093 2314 Gibrianus
1124 2279 1261 2319 scotus,
1294 2279 1442 2313 Rhemis
1472 2279 1510 2313 in
1540 2278 1709 2313 coenobio

323 2337 427 2371 Beati
458 2337 617 2384 Remigii
647 2337 771 2371 multis
802 2337 911 2371 claret
941 2336 1147 2377 virtutibus,
1177 2341 1213 2371 et
1242 2338 1355 2372 multo
1383 2337 1506 2382 populi
1536 2347 1709 2371 concursu

323 2395 605 2440 frequentatur,”
644 2395 696 2429 ait
733 2406 932 2440 anonymus
970 2395 1164 2429 monachus
1204 2395 1243 2429 in
1276 2394 1450 2429 Auctario
1484 2393 1711 2429 Gemblacen·

323 2454 353 2488 si
385 2453 430 2487 ad
460 2464 594 2488 annum
625 2462 785 2488 MCXLV.
822 2452 1061 2488 Rhemensem
1092 2453 1335 2499 episcopatum
1362 2452 1420 2497 pie
1446 2451 1711 2487 administrasse
