2032 2912
728 337 904 370 GENTIS
929 335 1206 374 SCOTORUM‚
1232 335 1320 367 LIB.
1346 335 1410 368 111.
1696 337 1759 370 189

803 430 1081 465 EXORDIUM
1109 430 1316 465 SUMET.’'

414 489 518 524 Hanc
536 500 619 523 sane
637 489 772 536 ingenii
791 489 1063 522 ostentationem
1077 489 1258 522 lubentius
1272 487 1413 528 ferrem,
1428 493 1463 523 et
1476 487 1642 522 fidentius
1656 499 1755 533 prae-

362 547 529 588 dicarem,
549 558 657 592 quam
675 557 815 591 possem
833 546 909 590 pati
922 545 1138 591 jactabunde
1161 546 1205 579 ad
1229 545 1366 579 Scotiae
1385 556 1485 592 reges
1508 557 1621 592 genus
1643 546 1755 590 ipsius

362 604 611 645 referendum;
643 615 725 638 nam
757 604 863 637 inane
888 608 942 637 est
969 614 1010 636 ea
1035 614 1071 637 se
1097 603 1214 649 gentis
1240 608 1303 636 aut
1329 604 1513 648 sanguinis
1539 603 1652 650 gloria
1678 614 1755 648 per-

361 673 483 706 peram
518 666 685 707 arrogata
714 661 910 700 venditare,
945 672 1026 694 cum
1061 665 1163 694 tanta
1198 661 1373 694 claritudo
1407 661 1445 694 in
1479 662 1580 695 tenui
1609 661 1755 696 fortuna

362 719 512 753 ridicula
544 719 731 759 videatur;
763 729 872 762 quare
906 722 948 752 ut
972 729 1096 752 verum
1127 718 1174 752 sit
1203 718 1377 752 familiam
1408 718 1573 753 Cluuiam
1601 719 1754 754 nobilem

361 787 447 817 esse,
475 777 528 811 ita
558 777 647 810 illud
674 777 998 817 mendacissimum,
1024 787 1125 823 reges
1149 775 1287 810 Scotiae
1317 775 1441 810 Jacobi
1467 776 1619 811 Critonii
1645 777 1756 823 majo-

361 845 417 868 res
451 835 543 869 ullos
579 835 751 875 extitisse,
787 835 883 879 quod
913 839 1034 868 tamen
1063 836 1101 869 in
1132 835 1281 879 epistola
1311 835 1356 868 ad
1382 834 1687 869 Commentarium
1717 836 1755 869 in

363 891 551 927 Paradoxa
582 893 739 926 liminari
769 893 921 927 asseruit
950 892 1066 927 Aldus
1094 893 1292 932 Manutius,
1324 893 1405 936 plus
1430 892 1542 926 nimio
1567 893 1606 926 in
1634 893 1754 927 laudes

362 951 549 996 sanguinis
580 955 616 984 et
645 950 801 985 familiae
832 951 976 985 effusus.
1039 950 1118 984 Hoc
1148 951 1227 984 ideo
1257 950 1408 994 plenius,
1438 954 1481 984 ut
1506 951 1672 984 mortales
1702 950 1756 984 in-

363 1007 527 1053 telligant
563 1019 670 1052 quam
704 1008 860 1053 insipida
895 1010 943 1043 sit
980 1008 1205 1053 quorundam
1240 1008 1456 1042 nostratium
1493 1008 1754 1042 adolescentum

361 1065 477 1106 elatio,
509 1066 571 1111 qui
596 1077 632 1099 se
658 1066 826 1100 vilescere
852 1067 947 1111 apud
973 1072 1112 1100 exteros
1139 1065 1356 1105 existimant,
1389 1066 1460 1100 nisi
1483 1066 1640 1110 specioso
1665 1067 1755 1112 regii

361 1123 546 1169 sanguinis
565 1125 671 1158 titulo
689 1135 726 1158 se
744 1125 1082 1163 commendaverint,
1108 1123 1204 1168 quod
1230 1123 1292 1157 vix
1310 1134 1470 1168 unquam
1493 1135 1513 1158 a
1538 1135 1620 1158 vere
1644 1124 1752 1158 nobili

362 1181 439 1215 viro
456 1181 532 1215 fieri
551 1182 801 1216 animadverti.
853 1182 922 1216 Sed
940 1183 985 1216 ad
1002 1193 1077 1216 rem
1096 1182 1211 1215 redeo.

409 1237 503 1284 Ejus
521 1244 606 1274 sunt
620 1249 629 1273 :

506 1297 606 1331 Odae
625 1298 670 1331 ad
688 1297 925 1332 Laurentium
943 1297 1102 1332 Massam
1119 1298 1238 1342 plures
1399 1297 1460 1331 lib.
1481 1307 1506 1331 1.

507 1354 649 1389 Laudes
668 1355 864 1389 Patavinae
1400 1355 1461 1389 lib.
1482 1365 1506 1389 1.
1534 1355 1687 1389 Carmen
1712 1368 1756 1390 ex

555 1417 715 1456 tempore
729 1412 894 1452 effusum,
908 1424 988 1446 cum
1000 1412 1038 1446 in
1055 1411 1079 1445 J
1081 1412 1180 1446 acobi
1198 1411 1339 1457 Aloysii
1358 1412 1514 1446 Cornelii
1532 1413 1637 1446 domo
1654 1424 1755 1457 expe-

558 1470 754 1504 rimentum
771 1470 907 1516 ingenii
925 1481 1044 1504 coram
1061 1474 1138 1504 tota
1151 1470 1350 1504 academiae
1367 1469 1579 1514 frequentia,
1595 1481 1666 1504 non
1681 1471 1756 1504 sine

558 1528 755 1561 multorum
773 1532 929 1572 stupore,
948 1527 1090 1562 faceret.

509 1584 753 1631 Ignorationis
771 1585 950 1620 Laudatio
1397 1586 1458 1620 lib.
1478 1595 1503 1619 Ι.
1560 1585 1755 1630 Extempo-

556 1644 630 1677 rale
648 1643 770 1677 thema
786 1643 919 1677 ibidem
936 1644 1117 1678 redditum
1131 1650 1212 1688 post
1225 1656 1287 1679 sex
1301 1645 1470 1679 horarum
1484 1645 1754 1688 disputationes,

558 1705 601 1734 ut
630 1704 833 1744 praesentes
864 1702 1003 1735 somnia
1032 1702 1152 1745 potius
1179 1701 1311 1742 fovere,
1338 1713 1445 1746 quam
1471 1713 1547 1735 rem
1573 1712 1610 1735 se
1635 1713 1754 1735 veram

560 1759 692 1798 videre,
711 1757 932 1799 affirmarint,
952 1759 1003 1793 ait
1021 1758 1219 1794 Manutius.

507 1815 562 1849 De
579 1814 747 1860 Appulsu
765 1827 829 1850 suo
846 1816 1015 1851 Venetias
1396 1817 1456 1851 lib.
1478 1826 1503 1850 1.
1522 1828 1616 1861 epos.

509 1873 609 1907 Odae
627 1874 671 1907 ad
688 1873 824 1908 Aldum
843 1874 1050 1909 Manutium
1401 1875 1461 1909 lib.
1483 1884 1507 1908 1.

505 1930 690 1975 Epistolae
707 1932 751 1966 ad
769 1932 927 1966 diversos
1399 1933 1460 1967 lib.
1482 1942 1506 1966 Ι.

510 1988 755 2024 Praefationes
784 1992 957 2024 solemnes
983 1991 1021 2024 in
1048 2001 1168 2025 omnes
1195 1989 1358 2025 scientias

561 2058 678 2081 sacras
696 2052 732 2082 et
748 2047 916 2092 profanas
1401 2049 1462 2083 lib.
1485 2058 1509 2082 1.

509 2104 690 2139 Judicium
713 2106 755 2139 de
774 2105 1001 2150 Philosoph-is
1399 2107 1460 2141 lib.
1481 2116 1506 2140 1.

511 2161 664 2197 Errores
682 2162 889 2197 Aristotelis
1400 2165 1461 2199 lib.
1482 2174 1506 2198 Ι.

511 2219 700 2254 Refutatio
718 2220 1055 2255 Mathematicorum
1403 2223 1464 2256 lib.
1484 2232 1509 2256 1.

511 2277 635 2311 Armis
654 2289 699 2312 an
716 2279 839 2313 literae
857 2279 1067 2323 praestent?
1401 2281 1461 2315 lib.
1482 2290 1506 2314 1.
1518 2281 1757 2314 controversia

561 2337 729 2372 oratoria.

412 2393 515 2428 Vixit
534 2405 627 2428 anno
647 2403 861 2428 MDLxxxr.
884 2394 1009 2429 Plures
1027 2395 1136 2430 libros
1149 2397 1354 2431 memoriter
1370 2396 1524 2436 tenebat,
1541 2408 1648 2441 quam
1663 2397 1758 2441 quis-

364 2462 471 2496 quam
487 2464 527 2487 ea
541 2456 656 2486 aetate
673 2453 818 2498 legerat.
846 2452 950 2487 Felix
962 2452 1127 2488 Astolfus
1138 2454 1177 2489 in
1188 2454 1338 2489 Officina
1351 2454 1531 2489 Historica
1546 2455 1676 2501 pagina
1689 2463 1757 2488 en.
