2032 2912
322 304 382 333 124
701 299 931 332 HISTORIA
956 299 1328 332 ECCLESIASTICA

370 396 471 430 Vivit
488 396 602 429 adhuc
619 395 657 428 in
677 394 804 434 Scotia,
823 394 884 428 sed
907 399 987 438 post
1011 394 1190 428 diutinum
1215 405 1389 428 carcerem
1414 396 1644 430 concionandi
1666 399 1707 431 li-

321 455 454 487 bertate
471 453 643 496 privatus,
668 455 709 485 ut
727 452 844 491 audio,
863 452 988 486 saltem
1005 452 1102 486 intra
1120 461 1159 486 X.
1187 452 1355 486 milliaria
1372 452 1465 486 circa
1486 455 1706 497 pomoerium

321 510 613 555 Edimburgense.

680 624 894 659 ADAMUS
920 624 1210 660 BLACATER.
1263 627 1345 659 214.

320 740 500 774 ADAMUS
519 740 692 780 Blacater,
711 752 838 786 genere
853 740 975 780 nobili,
994 744 1029 774 et
1046 740 1261 774 nostratium
1279 742 1352 775 ritu
1371 742 1522 785 patriam
1541 742 1708 780 deseruit,

320 797 562 842 bonarumque
587 798 716 832 artium
742 798 860 831 studio
887 797 1072 841 Europam
1100 801 1214 831 totam
1242 799 1421 838 lustravit,
1451 798 1641 833 Cracoviae
1672 801 1709 832 in

320 854 478 895 Polonia,
491 855 673 889 Bononiae
687 855 724 888 in
739 854 854 894 Italia,
869 854 1129 898 philosophiam
1144 854 1336 898 professus,
1351 855 1388 887 in
1407 854 1599 889 Germania
1612 867 1709 902 mag-

319 923 400 946 nam
419 913 474 946 sui
492 912 625 958 ingenii
644 911 925 946 aestimationem
942 911 1098 955 reliquit,
1123 911 1288 945 Lutetiae
1314 913 1457 945 tandem
1478 913 1650 953 substitit,
1674 919 1710 947 et

320 974 434 1003 rector
458 969 697 1009 renunciatus,
728 968 952 1002 Tornacense
978 969 1165 1014 collegium
1190 969 1293 1002 rexit.
1320 968 1415 1003 Acta
1439 970 1595 1004 nationis
1622 969 1709 1005 Ger-

318 1026 474 1060 manicae
492 1027 537 1060 ad
554 1026 600 1059 D.
620 1025 749 1060 Cosmi.
802 1025 951 1069 Scripsit

464 1082 760 1116 Dissertationem
778 1094 843 1126 pro
861 1082 1068 1117 Alexandro
1090 1082 1225 1130 Magno
1250 1088 1374 1119 contra
1400 1083 1444 1119 T.
1471 1084 1569 1119 Livii
1594 1087 1709 1120 locum

514 1151 558 1174 ex
576 1139 706 1173 Decad.
728 1149 752 1173 Ι.
772 1141 831 1174 lib.
852 1150 908 1174 IX.
1209 1140 1269 1175 lib.
1289 1150 1314 1174 Ι.

466 1199 606 1233 Prodiit
623 1199 807 1245 Lugduni.

368 1257 507 1291 Claruit
525 1268 618 1291 anno
638 1265 841 1291 MCCCXIX.

689 1371 1008 1407 BERTRAMUS
1035 1372 1203 1407 PRIOR.
1257 1376 1343 1407 215.

321 1488 589 1528 BERTRAMUS‚
608 1488 706 1532 prior
724 1488 767 1522 de
785 1488 1032 1534 Coldingham,
1047 1488 1104 1522 vir
1120 1489 1242 1534 magni
1260 1489 1331 1523 fuit
1348 1490 1514 1531 nominis,
1529 1496 1564 1525 et
1586 1492 1623 1525 in
1641 1493 1712 1526 liti-

320 1546 385 1580 bus
412 1546 654 1580 ecclesiasticis
681 1546 915 1580 terminandis
939 1546 1099 1590 apprime
1125 1551 1298 1587 versatus,
1323 1552 1365 1581 ut
1389 1559 1433 1581 ex
1458 1549 1607 1593 epistola
1636 1549 1712 1583 Cle-

320 1603 448 1637 mentis
484 1603 553 1637 111.
589 1603 766 1647 pontificis
795 1603 918 1647 liquet,
950 1603 1157 1637 Glascuensi
1188 1608 1223 1637 et
1253 1604 1502 1639 Aberdonensi
1537 1606 1711 1651 episcopis

320 1661 452 1704 scripta
481 1660 587 1700 Pisis,
618 1660 792 1694 referente
820 1660 963 1706 Rogero
991 1661 1033 1694 de
1062 1660 1237 1695 Hoveden
1271 1661 1404 1696 Annal.
1433 1667 1525 1706 part.
1558 1672 1601 1697 11.
1630 1675 1711 1710 pag.

321 1725 546 1750 CCCLXVIII.
599 1717 750 1762 Scripsit

469 1771 649 1819 Epistolas
669 1775 714 1809 ad
731 1774 885 1810 Lucium
904 1781 939 1810 et
962 1775 1182 1811 Clementem
1205 1787 1312 1821 super
1335 1776 1597 1822 Episcoporum
1621 1778 1713 1813 Con-

516 1833 690 1866 troversia
1209 1835 1269 1869 lib.
1290 1844 1315 1868 1.

372 1889 512 1923 Floruit
530 1901 623 1924 anno
642 1898 916 1925 MCLXXXVHI.

679 2004 893 2039 THOMAS
920 2005 1220 2042 BARCLAIUS.
1274 2007 1355 2042 216.

328 2119 503 2152 THOMAS
534 2119 718 2154 Barclaius
748 2120 1023 2162 Aberdonensis,
1055 2122 1277 2169 Burdegalae
1310 2124 1538 2160 humaniores
1569 2138 1609 2161 ac
1639 2127 1717 2171 phi-

326 2175 520 2218 losophicas
562 2186 654 2211 artes
697 2178 895 2212 adolescens
939 2183 993 2213 est
1034 2191 1115 2214 cum
1162 2181 1266 2215 laude
1312 2181 1492 2226 professus
1539 2184 1605 2218 sub
1654 2196 1715 2219 au-

329 2232 446 2276 spiciis
477 2232 570 2268 illius
602 2234 758 2269 Balforei
786 2236 932 2281 magni3
969 2237 1135 2271 Tolosam
1163 2242 1285 2282 postea
1320 2244 1477 2280 vocatus,
1512 2240 1715 2285 Squillanae

329 2289 466 2324 scholae
499 2291 695 2333 praefectus
731 2298 795 2333 est,
830 2293 896 2327 sub
926 2305 996 2338 quo
1027 2295 1115 2329 inibi
1145 2307 1211 2341 ego
1241 2296 1418 2341 stipendia
1447 2298 1604 2332 literaria
1635 2298 1714 2333 feci.

330 2346 418 2380 Mox
435 2345 593 2381 animum
612 2350 656 2382 ad
675 2350 737 2395 jus
756 2351 905 2394 appulit,
929 2356 974 2391 et,
997 2352 1091 2397 quod
1114 2353 1163 2386 ibi
1189 2364 1260 2387 non
1286 2354 1398 2394 licuit,
1422 2354 1612 2389 Pictonum
1639 2355 1716 2389 Au-

330 2406 455 2449 gustae
490 2403 637 2439 feliciter
663 2407 807 2441 obvenit
835 2412 876 2442 ut
904 2409 1083 2452 professor
1118 2411 1238 2456 regius
1274 2410 1394 2451 fieret;
1427 2412 1483 2445 vir
1512 2411 1716 2447 felicissima
