2044 2992
912 335 982 373 viii

261 444 411 484 abhinc
432 443 550 482 annis
570 441 717 481 habuit
737 440 892 481 amicus
912 452 1029 480 meus
1050 439 1151 479 Adr.
1178 438 1298 479 Cath.
1328 436 1510 486 Holtius,
1534 439 1640 491 juris

261 507 389 547 civilis
410 507 453 546 in
474 505 681 545 academia
702 504 950 544 Lovaniensi
977 503 1182 557 professor
1210 502 1481 542 doctissimus.
1540 502 1642 541 Ora-

261 571 417 610 tionem
449 570 500 609 de
535 569 673 608 studio
702 569 883 622 poetices
916 567 1209 622 conjungendo
1240 580 1334 606 cum
1368 566 1508 605 studio
1534 566 1641 619 juris

262 634 452 681 Romani,
484 647 593 673 anno
626 634 730 676 1693
762 633 1051 685 Franequerae
1081 631 1284 670 habuerat
1313 629 1533 670 Cornelius
1563 644 1641 668 van

261 697 361 737 Eck.
420 697 579 750 Utique
599 697 739 736 sordet
759 697 847 736 sine
867 695 999 735 literis
1021 694 1377 749 jurisprudentia3
1405 694 1465 733 ita
1494 699 1536 734 et
1565 694 1641 733 tibi

256 760 588 814 jurisconsultus,
611 760 745 800 omnis
768 774 900 814 paene
926 759 1173 799 eruditionis
1202 772 1347 811 expers
1374 764 1501 811 atque
1528 758 1642 811 igna-

260 838 340 872 rus,
362 823 469 864 nihil
489 830 551 864 est
571 824 650 864 nisi
671 823 885 877 leguleius.
945 823 1003 863 At
1024 822 1308 876 Dempsterus,
1334 822 1527 862 omnibus
1553 822 1640 862 fere

259 888 470 941 praesidiis
492 888 731 935 instructus,
753 887 1017 940 antiquitatis
1037 886 1225 926 eruditae
1247 885 1436 925 studium
1457 886 1511 925 ad
1530 892 1642 925 vete-

259 965 352 990 rum
369 951 706 1005 jurisperitorum
727 950 1050 1004 intelligentiam
1071 950 1287 990 referebat.
1347 949 1495 989 Rosini
1516 950 1640 989 Anti-

259 1015 439 1067 quitates
461 1015 669 1054 Romanas
697 1029 781 1054 non
808 1028 955 1067 parum
984 1013 1266 1067 locupletavit,
1299 1015 1474 1067 ejusque
1501 1014 1641 1061 editio,

257 1093 363 1132 quae
385 1079 579 1118 Lutetiae
601 1078 853 1117 Parisiorum
873 1078 1029 1131 prodiit
1049 1091 1159 1117 anno
1184 1078 1301 1124 1613,
1318 1077 1480 1131 saepius
1503 1084 1565 1117 est
1581 1092 1643 1118 re-

257 1143 398 1196 petita,
433 1141 736 1194 elegantissime
768 1155 865 1181 vero
898 1141 1200 1181 Amstelodami
1238 1155 1349 1181 anno
1384 1145 1489 1184 1743
1508 1158 1516 1182 :
1558 1156 1643 1195 quo

257 1206 426 1259 quidem
461 1219 583 1259 opere
622 1205 804 1258 plurima
839 1205 946 1258 juris
985 1204 1116 1245 civilis
1156 1205 1292 1259 capita
1330 1206 1641 1259 expenduntur.

258 1270 362 1324 Ejus
383 1283 551 1323 quoque
571 1268 739 1308 libellus
760 1274 832 1315 est,
855 1274 875 1291 “
892 1267 1043 1315 Κεξαυνός
1059 1268 1117 1303 καὶ
1134 1267 1272 1308 Ὀἕελός
1292 1269 1335 1308 in
1350 1268 1477 1308 libros
1495 1284 1550 1309 1v.
1573 1270 1643 1309 Iu-

258 1333 562 1374 stitutionum.”
623 1332 847 1379 Bononiae,
886 1333 1002 1380 1622,
1038 1337 1128 1372 8vo.
1190 1332 1259 1380 Et,
1294 1338 1400 1372 teste
1433 1333 1558 1372 Petro
1591 1334 1643 1373 de

259 1397 460 1450 Ludewig
481 1396 523 1435 in
544 1395 643 1435 Vita
663 1395 688 1434 J
695 1395 891 1435 ustiniani
912 1410 950 1449 p.
972 1400 1037 1444 45,
1058 1402 1078 1419 ‘⁶
1098 1402 1282 1436 meretur
1303 1396 1471 1436 libellus
1487 1398 1644 1444 recudi,

259 1475 353 1500 cum
374 1466 488 1500 totus
508 1460 562 1499 sit
582 1459 625 1498 in
647 1459 968 1512 antiquitatibus
989 1460 1200 1508 Romanis,
1217 1466 1260 1500 et
1280 1461 1474 1500 notandis
1495 1461 1643 1501 errori-

258 1526 334 1564 bus
355 1525 398 1563 in
416 1526 510 1577 jure
526 1523 553 1562 J
556 1523 824 1563 ustinianeo.”
884 1524 1032 1564 Edidit
1048 1524 1230 1578 denique
1247 1525 1522 1578 Dempsterus
1539 1531 1559 1548 ‘⁶
1576 1525 1641 1564 De

258 1589 503 1628 Juramento
523 1586 594 1627 lib.
617 1602 683 1627 111.
736 1587 872 1627 Locus
893 1602 943 1628 ex
964 1587 1109 1642 Antiq.
1127 1588 1247 1628 Rom.
1264 1594 1521 1629 retractatus.
1573 1590 1643 1628 Sa-

258 1652 468 1692 tisfactum
491 1652 641 1690 Famae
663 1650 758 1690 Illmi
781 1651 828 1690 B.
846 1651 904 1691 M.
921 1651 1154 1692 Cardinalis
1170 1651 1426 1700 Bellarmini,
1444 1652 1517 1706 qui
1538 1652 1641 1692 falso

258 1715 586 1763 insimulabatur,
607 1714 848 1768 theologice,
865 1716 1055 1769 juridice,
1082 1715 1287 1763 historice,
1315 1717 1561 1769 antiquarie,
1591 1732 1641 1756 ex

258 1779 475 1832 utriusque
505 1778 683 1831 linguae,
711 1779 898 1818 omnium
927 1780 1129 1832 gentium,
1160 1779 1294 1819 omnis
1328 1781 1475 1820 aetatis
1509 1781 1642 1820 moni-

258 1843 444 1882 mentis.’'
504 1842 728 1889 Bononiae,
754 1843 870 1890 1623,
892 1846 980 1882 8vo.

313 1907 392 1946 Sed
418 1906 818 1960 praestantissimum
848 1906 1086 1960 Dempsteri
1115 1921 1218 1961 opus
1244 1907 1332 1948 sine
1364 1909 1641 1949 controversia

258 1970 364 2010 illud
384 1977 444 2010 est
465 1970 579 2023 quod
599 1970 817 2024 inscripsit,
845 1972 909 2011 De
928 1971 1105 2011 Etruria
1132 1972 1281 2025 Regali
1294 1989 1311 2017 ,·
1345 1986 1459 2026 opus,
1484 1979 1534 2012 ut
1567 1972 1638 2013 ille

257 2035 325 2081 ait,
346 2048 397 2073 ex
418 2034 549 2073 tribus
570 2039 787 2074 auctorum
808 2033 993 2074 millibus
1014 2034 1245 2075 collectum.
1304 2036 1552 2089 Susceptum
1579 2044 1641 2076 est

259 2104 300 2137 et
320 2100 405 2151 jam
430 2097 483 2136 ad
509 2097 754 2137 umbilicum
781 2099 1031 2152 perductum
1059 2113 1155 2138 cum
1181 2099 1225 2138 in
1253 2099 1461 2139 academia
1492 2100 1641 2140 Pisana

253 2164 322 2214 jus
342 2161 460 2201 civile
481 2161 658 2209 doceret,
679 2162 723 2201 id
738 2168 810 2210 est,
826 2162 937 2202 intra
951 2168 1035 2202 tres
1051 2168 1217 2202 tantum
1233 2177 1374 2212 annos,
1391 2169 1443 2212 et,
1459 2164 1492 2203 si
1509 2165 1641 2204 omni-

257 2227 334 2264 bus
346 2225 429 2264 suis
439 2226 621 2265 numeris
633 2240 716 2266 non
729 2225 954 2280 expletum,
968 2227 1179 2280 egregium
1191 2233 1302 2267 certe
1317 2234 1639 2268 monumentum

259 2289 414 2342 ingenii
436 2295 498 2329 est
518 2295 560 2329 et
580 2290 836 2330 eruditionis.
895 2290 1133 2330 Centesimo
1153 2291 1239 2331 fere
1266 2305 1375 2331 anno
1405 2297 1498 2345 post
1525 2306 1640 2346 prae-

257 2359 462 2392 maturam
482 2353 720 2407 Dempsteri
742 2360 930 2402 mortem,
950 2354 1108 2407 prodiit
1128 2355 1298 2394 tandem
1320 2355 1363 2395 in
1383 2355 1519 2396 lucem
1541 2370 1639 2396 cura

258 2423 299 2456 et
333 2417 565 2470 sumptibus
599 2417 919 2470 splendidissimi
962 2424 1004 2458 et
1043 2419 1294 2459 ornatissimi
1334 2419 1409 2458 viri
1451 2419 1639 2460 Thomae
