2032 2912
720 350 896 383 GENTIS
921 347 1198 387 SCOTORUM,
1222 347 1313 380 LIB.
1335 347 1381 380 11.
1707 345 1750 378 69

502 446 756 481 Meditationes
1542 439 1605 474 lib.
1624 448 1649 473 1.

497 503 552 537 De
570 502 751 537 Trinitate
768 500 951 546 Excerpta
968 512 1013 535 ex
1030 500 1076 534 D.
1096 500 1304 546 Augustino
1321 503 1357 534 et
1374 499 1454 533 aliis
1539 497 1602 532 lib.
1622 506 1648 531 1.

398 561 501 597 Obiit
518 571 612 594 anno
630 567 807 593 Dcxmu.
832 563 976 592 sanctus
999 557 1155 592 habitus.
1194 556 1318 591 Uvion
1339 556 1400 590 lib.
1421 565 1481 590 111.
1507 555 1618 602 Ligni
1641 553 1748 589 Vitae

351 630 432 665 pag.
447 625 624 652 ccccxn.
651 615 821 650 Meminit
834 619 870 649 et
883 614 1107 649 Trithemius
1120 613 1181 647 lib.
1198 622 1258 647 111.
1273 624 1349 657 cap.
1364 621 1508 647 cxxw.
1545 612 1663 652 Quam
1677 622 1749 646 sce-

350 677 437 710 leste
462 673 574 720 Angli
600 683 706 707 suum
731 672 877 713 faciant,
903 672 1072 711 viderint,
1097 681 1177 704 cum
1205 670 1377 705 Melrosia
1402 680 1541 714 semper
1566 669 1605 703 in
1629 668 1748 704 Scotia

349 731 468 766 fuerit.

837 844 873 880 s,
900 844 1042 880 BEDA
1069 825 1123 879 Μ.
1177 846 1259 879 128.

352 961 509 995 BEDAM
539 960 788 995 venerabilem
818 960 885 994 etsi
917 971 1039 995 omnes
1068 959 1232 1007 Anglum
1269 959 1414 1000 faciant,
1453 959 1591 1004 reperio
1630 964 1750 993 tamen

353 1030 433 1053 eum
459 1029 523 1052 nec
547 1017 712 1064 Anglum
738 1017 844 1052 domo
868 1028 933 1051 nec
959 1017 1115 1057 Scotum,
1142 1018 1200 1052 sed
1230 1018 1269 1052 in
1294 1017 1414 1052 Scotia
1444 1017 1507 1050 diu
1536 1017 1680 1056 vixisse,
1712 1016 1751 1049 in

353 1076 489 1122 Anglia
513 1076 607 1110 diem
639 1086 755 1115 suum,
787 1074 849 1109 ubi
879 1075 1000 1109 omnia
1028 1086 1094 1110 sua
1122 1086 1230 1120 opera
1259 1075 1512 1114 elaboraverat,
1543 1084 1751 1118 supremum

353 1133 492 1167 obiisse.
545 1132 594 1166 H.
614 1132 743 1167 Boeth.
762 1132 823 1166 lib.
844 1141 900 1166 IX.
921 1131 1060 1167 Histor.
1079 1132 1173 1167 Scot.
1192 1143 1274 1179 pag.
1294 1140 1469 1166 CLXXXI.
1497 1135 1520 1151 “
1538 1130 1644 1165 Italia
1669 1141 1749 1164 cum

352 1190 512 1224 Albionev
533 1201 598 1234 pro
624 1189 743 1224 Bedae
768 1189 992 1224 incunabulis
1018 1190 1211 1229 contendit,
1237 1189 1477 1224 asserentibus
1504 1188 1606 1223 Italis
1632 1188 1751 1222 virum

353 1246 498 1280 Genuae
515 1251 652 1286 natum,
670 1246 872 1290 ibidemque
888 1247 1053 1280 ultimam
1076 1247 1224 1281 solvisse
1246 1247 1503 1286 necessitatem,
1526 1252 1651 1281 contra
1674 1247 1752 1279 vul-

352 1314 474 1349 garem
500 1303 685 1337 doctorum
710 1302 935 1341 sententiam,
961 1303 1259 1347 sepulchrumque
1283 1304 1361 1348 ejus
1391 1304 1430 1337 in
1459 1304 1511 1336 rei
1538 1303 1642 1337 fidem
1670 1303 1752 1336 hac-

353 1366 457 1394 tenus
483 1360 603 1394 eadem
631 1359 670 1393 in
695 1359 840 1393 civitate
865 1359 1002 1393 cunctis
1027 1359 1150 1394 haberi
1176 1360 1398 1400 venerabile3
1425 1370 1551 1394 verum
1573 1360 1752 1394 undecun-

352 1429 421 1463 que
447 1419 598 1452 traxerit
623 1417 808 1463 originem,
835 1421 870 1451 et
895 1416 1098 1462 ubicunque
1123 1418 1216 1452 diem
1243 1417 1420 1458 clauserit,
1446 1418 1534 1452 satis
1551 1422 1690 1452 constat
1707 1428 1751 1451 ex

352 1476 429 1522 ejus
455 1480 491 1510 et
516 1475 669 1510 aliorum
695 1474 837 1519 scriptis
864 1474 1121 1509 adolescentem
1148 1486 1230 1509 eum
1255 1474 1295 1509 in
1321 1474 1440 1516 Italia,
1466 1486 1586 1509 senem
1603 1475 1642 1508 in
1660 1474 1753 1509 Nor-

353 1532 546 1573 thumbria,
572 1532 796 1578 frequentius
822 1532 918 1567 inter
941 1531 1085 1576 piorum
1110 1536 1250 1566 coetum
1276 1531 1410 1568 Melros
1437 1531 1615 1576 (abbatiae
1631 1543 1753 1567 mona-

354 1590 571 1635 chorumque
588 1589 747 1624 coenobii
764 1590 802 1624 id
819 1600 949 1624 nomen
966 1589 1004 1623 in
1022 1588 1209 1624 Scotorum
1227 1601 1325 1636 agro,
1342 1590 1575 1634 pientissimis
1594 1590 1693 1630 viris,
1718 1594 1753 1624 et

354 1648 519 1694 religioni
538 1658 677 1692 semper
699 1647 850 1687 devotis,
874 1646 1041 1693 insignis)
1065 1646 1246 1683 habitasse
1269 1647 1560 1692 diversatumque
1583 1658 1669 1688 esse,
1693 1658 1754 1681 ex-

354 1706 507 1740 tinctum
525 1716 610 1740 vero
627 1704 779 1739 Ethfino
798 1704 983 1740 Scotorum
1003 1715 1086 1750 rege
1102 1705 1408 1739 administrante.'’
1458 1704 1510 1739 Et
1527 1716 1571 1738 ne
1585 1706 1680 1739 solus
1694 1705 1753 1738 ille

354 1763 421 1797 hoc
458 1762 650 1796 affirmasse
685 1766 881 1802 censeatur,
919 1773 1063 1796 concors
1098 1766 1153 1796 est
1187 1761 1350 1806 Raphael
1385 1761 1586 1806 Maphaeus
1623 1762 1753 1796 nobilis

355 1820 623 1859 volaterranus,
649 1830 721 1853 non
746 1819 823 1853 sine
848 1819 1048 1853 sanctitatis
1074 1819 1263 1863 opinione:
1294 1820 1325 1853 is
1354 1819 1416 1853 lib.
1448 1827 1534 1853 XIV.
1565 1818 1754 1853 Commen-

355 1884 423 1913 tar.
454 1877 586 1923 pagina
615 1884 838 1910 CCCCXVIII.
869 1876 936 1910 hoc
965 1876 1040 1910 ait:
1076 1881 1098 1896 ‘⁶
1124 1875 1338 1921 Depositum
1367 1876 1487 1910 Bedae
1521 1875 1667 1911 Genuae
1701 1876 1754 1910 vi-

357 1936 492 1975 situr;’'
517 1938 553 1968 et
578 1934 658 1968 ideo
682 1944 812 1967 nomen
837 1934 954 1980 gentis
979 1933 1161 1968 Antonius
1186 1933 1334 1968 Coccius
1364 1933 1558 1968 Sabellicus
1589 1945 1663 1968 non
1694 1935 1754 1969 ad-

352 1993 451 2040 jecit,
492 2003 573 2026 cum
611 2002 692 2025 eum
731 1991 893 2025 laudaret
931 1990 1094 2026 Ennead.
1134 2000 1225 2026 v111.
1265 1992 1326 2026 lib.
1367 2000 1439 2026 Vn.
1478 2003 1560 2038 pag.
1601 2000 1750 2026 DLV111.

356 2056 391 2086 et
433 2049 632 2084 Gulielmus
675 2049 1017 2089 Malmesburiensis‚
1061 2055 1097 2084 et
1143 2048 1344 2084 Gulielmus
1392 2049 1753 2084 westmonasterien-

356 2109 404 2143 sis
422 2118 503 2153 pag.
523 2116 580 2140 XI.
598 2106 759 2141 fatentur
775 2117 857 2140 eum
875 2117 985 2151 prope
1003 2106 1158 2141 Scotiam
1176 2111 1314 2141 natum.
1353 2106 1447 2141 Sunt
1460 2111 1580 2141 tamen
1593 2107 1655 2151 qui
1668 2107 1754 2141 scri-

356 2167 446 2200 bunt
463 2165 551 2199 duos
570 2164 691 2198 eodem
709 2164 853 2198 nomine
870 2163 998 2204 Bedas,
1017 2165 1151 2199 ordinis
1171 2165 1278 2198 etiam
1303 2164 1339 2198 S.
1358 2164 1555 2204 Benedicti,
1582 2164 1695 2198 literis
1719 2169 1755 2198 et

356 2223 545 2258 sanctitate
576 2222 614 2255 in
644 2222 795 2256 diversis
824 2220 993 2266 Europae
1022 2222 1185 2266 partibus
1212 2222 1392 2262 claruisse,
1419 2226 1455 2256 et
1482 2221 1578 2255 hunc
1608 2221 1753 2266 quidem

357 2280 583 2314 Britanniam
602 2279 807 2319 illustrasse,
831 2279 933 2313 illum
955 2290 1040 2313 vero
1063 2278 1234 2326 Liguriae
1256 2290 1332 2313 esse
1349 2280 1466 2319 decus,
1490 2289 1513 2312 a
1529 2278 1658 2313 Carolo
1676 2279 1753 2312 Ma-

356 2349 428 2385 gno
451 2338 615 2377 accitum,
639 2341 681 2371 ut
703 2347 747 2371 ex
770 2336 847 2371 vita
868 2337 947 2382 eJus
963 2341 1063 2382 patet
1079 2348 1123 2371 ex
1138 2336 1230 2371 libro
1247 2342 1389 2371 vetusto
1406 2336 1612 2370 monasterii
1631 2336 1667 2370 S.
1685 2336 1753 2371 Be-

357 2395 460 2441 nigni
486 2405 596 2439 prope
626 2393 799 2434 Genuam,
829 2395 931 2441 cujus
961 2395 1133 2429 memoria
1157 2394 1324 2429 recolitur
1349 2402 1390 2429 X.
1420 2393 1570 2438 Aprilis.
1601 2393 1752 2428 Amold.

358 2452 479 2488 Uvion
498 2453 559 2488 lib.
580 2461 641 2487 111.
662 2451 770 2499 Ligu.
789 2450 897 2487 Vitae
918 2463 1000 2499 pag.
1027 2460 1174 2487 CXXXI.
1222 2450 1367 2487 Erroris
1391 2451 1492 2498 origo
1516 2451 1598 2486 inde
1621 2450 1753 2497 proflu—
