2032 2912
697 334 873 368 GENTIS
897 333 1173 374 SCOTORUM,
1197 333 1287 367 LIB.
1311 333 1339 367 Ι.
1674 333 1715 363 35

689 484 950 519 AEGYDIUS
974 483 1229 520 ALDANUS.
1283 486 1346 519 484

321 600 543 635 AEGYDIUS
576 598 751 638 Aldanus,
785 598 970 642 episcopus
1003 598 1185 633 Candidae
1219 599 1341 640 Casae,
1378 599 1415 634 S.
1450 598 1611 639 Niniani,
1645 603 1707 634 aut

321 656 551 696 Gallovidiae‚
583 656 641 689 vir
669 667 735 689 sua
765 659 880 690 aetate
908 666 1029 689 rerum
1060 656 1220 690 civilium
1249 656 1397 700 peritus,
1427 656 1605 702 legatione
1635 656 1710 690 An-

319 715 458 760 glicana
487 718 522 747 et
551 712 689 747 Danica
718 724 800 747 cum
828 713 933 747 laude
961 713 1117 754 functus,
1148 713 1473 747 controversiarum
1503 713 1599 748 inter
1627 713 1711 748 Sco-

319 776 374 805 tos
408 776 443 805 et
476 770 615 816 Anglos
650 770 784 805 arbiter
816 775 852 805 et
885 770 1110 815 compositor,
1152 781 1284 816 magno
1326 770 1456 810 animo,
1500 775 1536 805 et
1578 771 1712 816 majore

318 828 508 872 prudentia
538 829 644 863 decus
677 828 840 862 ecclesiae
874 827 1030 862 Scoticae
1069 827 1232 868 asseruit,
1270 827 1502 872 impotentiae
1536 827 1710 871 archiepi-

318 896 504 930 scoporum
543 885 824 920 Eboracensium
860 885 1013 920 viriliter
1046 897 1083 920 se
1126 896 1318 931 opponenS,
1362 889 1398 919 et
1432 885 1642 930 disputavit,
1677 889 1711 918 et

319 943 461 987 scripsit

465 1000 520 1034 De
538 1000 723 1034 Scotorum
743 999 992 1035 Patriarchatu
1017 1000 1078 1035 lib.
1098 1009 1123 1035 1.
1142 1001 1181 1035 in
1199 1000 1321 1034 Indice
1337 998 1512 1035 Deirensi.

368 1057 509 1092 Floruit
527 1069 619 1092 anno
638 1066 793 1092 MCCXL.
846 1057 1014 1092 Meminit
1031 1057 1233 1104 Anglicana
1249 1057 1410 1092 historia.

765 1171 839 1205 AN
842 1171 1144 1207 GILBERTUS.
1197 1175 1255 1211 49.

316 1284 617 1319 ANGILBERTUS
647 1286 831 1330 episcopus
861 1286 900 1319 in
930 1285 1144 1321 Cathenesia
1172 1288 1382 1332 plerumque
1408 1287 1595 1327 residebat,
1626 1289 1709 1322 licet

315 1353 380 1386 per
396 1342 600 1376 universam
618 1341 773 1376 Scotiam
788 1342 850 1388 jus
869 1347 1066 1383 exerceret;
1091 1344 1235 1378 natione
1258 1344 1401 1389 quidem
1420 1343 1556 1385 Gallus,
1578 1345 1640 1378 sed
1657 1345 1709 1378 in-

316 1400 433 1434 colatu
451 1398 588 1440 scotus,
606 1403 641 1434 et
659 1399 807 1440 meritis,
826 1411 847 1433 a
864 1399 1034 1436 Mordaco
1051 1399 1190 1435 Scotiae
1213 1412 1297 1448 rege
1320 1401 1366 1435 ad
1390 1400 1632 1446 Chilpericum
1658 1401 1708 1435 ΙΙ.

315 1455 452 1492 Galliae
469 1467 588 1503 regem
607 1461 728 1494 orator
744 1457 954 1497 destinatus,
973 1457 1060 1492 dum
1083 1469 1147 1502 per
1169 1457 1342 1505 Angliam
1365 1459 1546 1499 transiret,
1569 1458 1708 1493 Wilfri-

315 1514 401 1548 dum
427 1513 589 1560 Anglum
615 1515 844 1556 consecravit,
871 1514 933 1560 qui
959 1519 1082 1559 postea
1107 1515 1343 1550 Eboracensis
1360 1516 1654 1561 archiepiscopus,
1673 1521 1708 1550 et

315 1572 353 1605 in
371 1570 433 1605 SS.
452 1582 641 1606 numerum
659 1573 803 1607 relatus.
856 1572 969 1607 Porro
985 1572 1223 1619 Angilbertus
1241 1574 1386 1618 scripsit

464 1628 519 1662 De
553 1628 687 1663 Errore
721 1629 906 1665 Paschatis
937 1630 1135 1665 celebrandi
1165 1631 1374 1677 corrigendo
1403 1642 1574 1678 magnum
1609 1633 1707 1666 volu-

512 1697 594 1719 men
648 1686 708 1720 lib.
729 1696 754 1720 Ι.

364 1742 503 1777 Claruit
520 1754 613 1777 anno
632 1751 783 1778 Dccxx.
812 1743 980 1779 Meminit
1002 1745 1330 1780 Malmesburiensis
1352 1746 1395 1779 de
1418 1745 1536 1780 Gestis
1559 1746 1706 1780 Pontifi-

318 1809 397 1832 cum
416 1799 476 1833 lib.
496 1809 552 1833 111.
572 1804 607 1849 et
624 1799 845 1846 Reginaldus
864 1801 1064 1836 cardinalis.

696 1913 1012 1949 MALCOLMUS
1037 1915 1217 1951 ARDES.
1270 1920 1328 1951 50.

317 2028 582 2062 MALCOLMUS
605 2028 732 2069 Ardes,
757 2029 976 2064 nobilissimo
994 2032 1167 2077 sanguine
1192 2036 1298 2066 natus
1324 2033 1362 2066 in
1387 2031 1584 2073 Achterles,
1612 2043 1704 2067 unus

316 2096 438 2119 eorum
464 2084 547 2126 fuit,
574 2086 636 2131 qui
662 2086 781 2120 Scotia
805 2087 1032 2121 exterminati
1050 2089 1239 2133 tyrannide
1257 2088 1419 2124 Eduardi
1442 2089 1471 2124 Ι.
1494 2090 1618 2136 Angli,
1643 2090 1704 2124 ubi

317 2152 396 2185 Spes
414 2142 568 2177 melioris
586 2144 637 2177 rei
655 2143 848 2183 affulserat,
866 2145 995 2178 iterum
1010 2146 1202 2186 redierunt,
1220 2151 1256 2181 et
1273 2158 1344 2181 non
1362 2158 1488 2191 parum
1506 2158 1633 2192 operae
1651 2158 1706 2181 ac-

317 2199 630 2234 commodaverunt
647 2201 794 2245 patriae.
839 2201 926 2236 Fuit
939 2206 1057 2236 autem
1072 2202 1303 2238 Carmelitani
1318 2204 1451 2238 ordinis
1465 2204 1703 2249 provincialis.

317 2254 466 2299 Scripsit
484 2257 565 2290 rudi
584 2259 688 2302 stylo,
707 2262 748 2291 ut
765 2270 805 2292 ea
823 2263 984 2303 tempora
1000 2258 1172 2300 ferebant,

464 2312 519 2347 De
538 2313 639 2348 Bello
658 2316 701 2349 ad
721 2315 893 2350 Fawkirk
1155 2318 1216 2352 lib.
1237 2326 1262 2352 Ι.

465 2369 520 2403 De
537 2370 685 2406 liberata
702 2371 821 2406 Scotia
1153 2375 1214 2410 lib.
1235 2385 1260 2409 1.

365 2426 505 2461 Floruit
523 2438 616 2462 anno
636 2437 890 2465 Mcccxxcw.
944 2431 1120 2467 Henricus
1139 2432 1331 2469 Sinclarus.
