2032 2912
678 337 853 371 GENTIS
878 335 1154 375 SCOTORUM‚
1177 335 1268 368 LIB.
1290 336 1317 368 Ι.
1655 334 1696 364 43

453 432 497 466 In
514 432 754 478 Evangelium
772 431 948 466 Matthaei
1206 430 1267 464 lib.
1288 438 1348 463 111.

355 490 455 525 Obiit
472 489 625 524 triennio
638 493 720 523 ante
733 488 939 528 Alcuinum,
952 487 1019 521 hoc
1032 492 1096 528 est,
1110 498 1203 522 anno
1218 487 1342 521 salutis
1357 494 1472 520 Dece.
1488 486 1545 520 vel
1559 493 1692 519 DeceL

306 547 527 582 Trithemius
552 547 628 580 loco
652 545 807 579 laudato.
869 544 1014 578 Scotum
1031 556 1158 590 genere
1182 548 1284 578 vocat
1306 554 1388 578 eum
1410 542 1580 577 Nicolaus
1602 542 1631 576 1.
1654 542 1692 575 in

304 603 469 648 Epistola
493 604 538 638 ad
564 602 731 637 Carolum
758 600 955 641 Caesarem,
984 601 1080 645 quod
1105 605 1225 634 tamen
1250 601 1383 634 mirum
1413 604 1467 635 est
1496 600 1692 634 rescindere

305 661 433 695 audere
446 660 470 694 J
472 670 622 694 oannem
635 658 830 698 Pitsaeum,
843 657 1034 692 barbarum
1047 658 1182 703 lingua,
1200 657 1426 701 antiquitatis
1439 658 1555 691 omnis
1568 657 1693 691 rudem

305 717 374 751 nisi
391 727 498 761 quam
516 727 538 750 a
554 715 686 749 Balaeo
708 719 872 760 apostata
893 714 1028 749 didicit.
1081 714 1139 748 Sic
1162 714 1258 748 bulla
1282 714 1494 748 sanctissimi
1517 713 1693 758 pontificis

304 773 432 808 habet:
451 778 473 793 “
487 773 642 813 Quidam
657 772 714 806 vir
726 771 750 805 J
752 783 893 812 oannes,
912 771 1037 806 Scotus
1055 770 1222 818 genere.''
1258 770 1317 805 Ad
1331 771 1417 804 haec
1431 770 1594 805 Pitsaeus
1612 782 1694 816 pag.

306 839 481 865 CLXVIII.
500 835 522 850 “
537 830 681 864 Scotum
696 841 739 863 ex
753 829 904 863 aliorum
918 830 1089 864 relatione
1102 828 1237 863 vocat.”
1276 827 1382 862 Unde
1394 828 1461 862 hoc
1473 827 1586 874 Angli
1601 828 1696 862 colli-

304 887 417 934 gitis?
437 887 495 922 Sic
508 892 638 921 temere
651 886 813 931 pontifex
827 891 1035 921 coaetaneus
1048 886 1145 931 loqui
1160 885 1309 920 debuit?
1329 885 1379 919 sic
1396 885 1466 919 labi
1484 885 1529 919 ad
1545 886 1696 930 impera-

307 951 419 979 torem
445 944 600 979 scribens
627 944 853 978 beatissimus
881 943 979 977 Petri
1005 954 1184 978 successor
1210 943 1325 977 voluit
1338 942 1355 976 ἶ)
1409 942 1507 977 Haec
1538 942 1695 977 Thomas

308 1002 542 1046 Dempsterus
560 1001 669 1035 nollet
687 1001 793 1035 dicta.

729 1114 1161 1149 AETHELBERTUS.
1215 1113 1273 1149 65.

306 1231 406 1264 DUM
432 1231 484 1264 illi
510 1230 549 1263 in
574 1229 691 1264 Gallia
715 1234 751 1263 et
776 1229 883 1264 Italia
908 1230 1089 1264 ecclesiam
1114 1230 1280 1275 gnaviter
1309 1230 1513 1271 tuebantur,
1543 1242 1697 1277 suaeque

305 1288 405 1333 genti
417 1287 568 1333 gloriam
581 1286 905 1320 immarcessibilem
920 1286 1183 1330 comparabant,
1197 1298 1269 1321 non
1286 1288 1430 1333 segnius
1444 1287 1696 1323 Aethelbertus

307 1345 345 1378 in
362 1343 497 1389 Anglia
514 1343 650 1377 strenui
669 1342 840 1376 antistitis
859 1347 894 1376 et
911 1343 962 1387 pii
985 1347 1104 1387 partes
1127 1343 1347 1385 sustinebat;
1374 1355 1457 1378 nam
1481 1345 1700 1390 incompara-

308 1401 370 1435 bili
396 1401 595 1435 eruditione
618 1401 733 1434 clarus
757 1400 803 1433 ad
819 1410 902 1434 suos
924 1400 1007 1433 inde
1031 1400 1148 1440 rediit,
1172 1404 1209 1434 et
1231 1400 1411 1435 Candidae
1435 1400 1545 1435 Casae
1569 1403 1700 1446 episco-

307 1463 395 1503 patu
411 1458 630 1492 honestatus.
671 1456 822 1501 Scripsit
839 1457 906 1491 sub
923 1456 1042 1492 Leone
1061 1456 1130 1491 ΙΙΙ.
1148 1457 1324 1501 pontifice,
1339 1457 1461 1492 habita
1469 1459 1547 1504 jam
1565 1458 1700 1494 Romae

308 1516 455 1560 synodo,

456 1572 590 1607 Contra
607 1571 769 1606 Alifandi
788 1571 953 1606 Toletani
972 1571 1123 1606 Errores
1220 1571 1280 1606 lib.
1301 1580 1355 1606 Iv.

356 1630 508 1670 Quando
526 1630 664 1670 obierit,
681 1640 753 1663 non
771 1629 1008 1674 deprehendi:
1036 1633 1074 1664 at
1090 1629 1275 1674 episcopus
1293 1629 1540 1676 inauguratus,
1559 1637 1594 1666 et
1611 1636 1700 1666 teste

310 1688 491 1722 Florentio
509 1687 767 1733 WVigorniensL
785 1697 879 1721 anno
898 1695 1014 1721 Dece.

830 1801 1067 1836 ALEXIUS.
1119 1799 1177 1835 66.

313 1916 515 1955 ALEXIUS‚
534 1914 570 1949 S.
590 1915 752 1949 ecclesiae
775 1915 958 1950 Romanae
976 1916 1177 1957 cardinalis,
1196 1921 1232 1951 et
1250 1920 1272 1937 “
1290 1916 1428 1952 Scotiae
1452 1917 1624 1964 legatus,'’
1650 1919 1700 1952 ait

313 1983 511 2017 anonymus
545 1971 739 2018 Augiensis
769 1973 962 2007 monachus
992 1974 1030 2007 in
1060 1972 1146 2007 Vita
1176 1973 1212 2007 S.
1243 1974 1430 2009 Laurentii
1460 1986 1535 2019 cap.
1568 1984 1698 2010 XXXV.

313 2029 423 2063 edidit

461 2085 556 2120 Acta
572 2086 779 2133 Legationis
797 2098 881 2121 suae
1250 2089 1310 2123 lib.
1331 2098 1356 2123 1.

328 2182 334 2187 ¹
462 2143 644 2188 Epistulas
661 2144 706 2178 ad
724 2143 900 2179 Ecclesiae
919 2145 1073 2179 Scoticas
1250 2146 1311 2180 lib.
1332 2154 1357 2179 1.

364 2200 532 2235 Florebat
549 2211 643 2235 anno
662 2209 839 2236 MCLXXI.
858 2206 922 2236 aut
938 2202 1088 2237 circiter.
1139 2202 1215 2237 Alii
1238 2204 1364 2237 volunt
1387 2214 1408 2237 a
1431 2203 1612 2238 Clemente
1631 2203 1700 2238 111.

313 2262 472 2292 creatum
514 2257 728 2292 cardinalem
770 2270 864 2294 anno
908 2268 1179 2294 MCLXXXVIII.
1225 2269 1280 2294 IV.
1325 2260 1405 2295 idus
1448 2260 1600 2295 Martias
1634 2263 1700 2296 sub

314 2315 421 2349 titulo
447 2314 482 2348 S.
510 2314 649 2350 Nicolai
674 2316 713 2350 in
738 2315 885 2351 Carcere
910 2316 1089 2358 Tulliano,
1116 2322 1152 2352 et
1177 2323 1299 2363 postea
1324 2317 1391 2353 sub
1416 2318 1522 2353 titulo
1552 2317 1700 2354 Sanctae

315 2371 507 2407 Susannae.
