2032 2912
720 336 898 370 GENTIS
922 334 1200 374 SCOTORUM,
1225 334 1315 368 LIB.
1340 333 1386 367 11.
1706 334 1744 365 71

350 432 427 467 Deo
441 431 628 472 faciebant,
641 430 774 466 scilicet
787 430 888 470 Euo,
902 430 1110 470 Bertuinus‚
1124 428 1332 475 Eloquius.'’
1366 428 1507 474 Scripta
1519 427 1745 463 interierunt.

402 488 704 535 Peregrinabatur
732 498 826 522 anno
856 495 967 522 nem.
1004 487 1180 533 Sigebert.
1215 487 1427 522 Sanctorum
1461 485 1541 521 albo
1571 485 1746 530 ascriptus

350 547 480 582 colitur
495 546 553 580 die
573 554 631 581 11.
649 544 876 580 Novembris.
930 543 1100 579 Molanus
1118 544 1163 578 ad
1181 544 1482 591 Martyrologium
1501 542 1671 579 Usuardi.

788 657 824 692 S.
851 656 1173 692 BONIFACIUS.
1225 659 1305 692 130.

351 775 388 809 S.
407 775 666 809 BONIFACIUS
683 772 821 808 Scotus.
841 772 1018 807 Trithem.
1037 773 1098 808 lib.
1118 782 1161 808 11.
1179 773 1223 807 de
1240 772 1318 808 Vir.
1337 773 1448 808 illust.
1467 773 1555 808 Ord.
1579 773 1616 808 S.
1635 773 1747 808 Bene-

349 833 435 867 dicti
453 843 529 877 cap.
548 839 667 866 XXIV.
688 836 709 851 ‘⁸
723 830 932 866 Bonifacius
950 841 994 865 ex
1011 831 1185 865 monacho
1201 831 1340 876 primus
1365 830 1650 875 archiepiscopus
1668 831 1746 866 Mo-

349 891 524 936 guntinus
537 889 681 924 natione
694 888 855 924 scotus?
881 887 932 923 Et
946 888 1007 923 lib.
1023 897 1084 923 111.
1099 899 1175 933 cap.
1190 897 1302 923 CLXI.
1325 892 1347 908 “
1360 887 1588 923 Bonifacium
1601 887 1746 923 Scotum

349 948 395 983 ad
420 948 540 982 sedem
566 947 883 993 Moguntinensem
910 946 1092 981 ordinavit
1118 945 1314 993 Gregorius
1340 957 1444 991 papa.
1474 945 1703 980 Bonifacium
1729 958 1748 979 e

351 1005 542 1040 Britannia
554 1005 755 1039 venientem
767 1005 971 1049 episcopum
981 1004 1195 1039 consecrat.’'
1220 1003 1273 1039 Et
1282 1004 1327 1038 ad
1338 1015 1421 1039 ann.
1434 1011 1613 1038 DCCXLV.
1628 1008 1747 1038 antea:

352 1068 374 1083 “
391 1062 596 1097 Winfridus
613 1062 729 1097 dictus
747 1062 949 1096 Frisiorum
967 1062 1160 1106 apostolus,
1178 1061 1337 1096 coenobii
1360 1060 1550 1096 Fuldensis
1566 1060 1747 1101 fundator,

350 1125 386 1155 et
399 1121 536 1165 primus
550 1120 761 1166 Moguntiae
775 1119 1092 1164 archiepiscopus.”
1128 1118 1301 1165 Sigebert.
1316 1118 1540 1154 Gemblacen.
1555 1119 1601 1153 ad
1614 1129 1748 1153 annum

351 1186 536 1212 Dccxvn.
565 1181 587 1197 ‘⁶
606 1177 706 1211 Idem
729 1177 1014 1221 archiepiscopus
1041 1175 1252 1222 Moguntiae
1277 1176 1485 1211 coenobium
1508 1176 1687 1210 Fuldense
1710 1176 1748 1210 in

350 1235 528 1269 Bocconia
545 1236 647 1280 sylva
664 1234 825 1268 fundat.’⁰
863 1233 1028 1278 Denique
1040 1234 1085 1268 ad
1099 1245 1232 1268 annum
1246 1235 1352 1269 salut.
1368 1242 1539 1268 Dccmn.
1567 1238 1589 1253 “
1603 1233 1750 1268 Bonifa-

350 1293 425 1326 cius
442 1291 480 1325 in
498 1291 618 1325 Frisia
634 1291 680 1325 ab
697 1291 851 1324 inimicis
868 1290 950 1324 fidei
967 1301 1049 1324 cum
1068 1291 1172 1325 sociis
1190 1291 1265 1325 suis
1282 1292 1550 1336 martyrizatur,
1564 1296 1600 1325 et
1612 1291 1650 1325 in
1665 1292 1750 1326 Ful-v

348 1350 395 1383 da
419 1348 599 1388 coenobio,
625 1348 722 1393 quod
747 1348 823 1392 ipse
848 1347 886 1381 in
913 1346 1114 1393 Thoringia
1138 1346 1316 1388 fundavit,
1341 1346 1532 1382 honorifice
1549 1349 1750 1382 tumulaba-

349 1407 441 1447 tur,”
463 1405 572 1452 legati
589 1417 612 1440 a
628 1406 738 1440 latere
757 1405 870 1440 officio
892 1404 1050 1440 functus.
1100 1404 1237 1439 Anton.
1256 1404 1441 1439 Possevin.
1461 1409 1546 1440 tom.
1566 1414 1593 1439 1.
1610 1404 1747 1450 Appar.

348 1463 448 1499 Sacri
465 1475 547 1510 pag.
567 1471 736 1498 ccxmx.

401 1521 620 1568 Sigebertus,
638 1525 679 1555 ut
697 1521 833 1555 dictum
848 1524 912 1561 est,
926 1520 1146 1556 Britannum
1159 1520 1256 1562 facit,
1270 1525 1307 1556 et
1319 1524 1362 1556 ut
1374 1520 1537 1566 Raphael
1551 1520 1750 1566 Maphaeus

350 1579 575 1615 Volaterran.
601 1579 663 1614 lib.
691 1587 778 1613 XIV.
804 1590 886 1626 pag.
915 1587 1090 1614 ccccxx.
1120 1588 1157 1614 et
1186 1578 1346 1624 plerique
1370 1579 1455 1620 alii;
1487 1590 1597 1625 quare
1622 1578 1747 1625 Angli,

349 1643 391 1673 ut
414 1638 539 1678 solent,
565 1637 679 1672 civem
704 1648 811 1671 suum
836 1637 974 1672 faciunt
998 1648 1112 1682 usque
1137 1637 1235 1678 adeo,
1258 1641 1301 1672 ut
1325 1637 1364 1672 in
1389 1636 1652 1683 Martyrologio
1677 1636 1751 1671 Ro-

350 1706 455 1730 mano
483 1695 539 1729 die
570 1703 608 1729 V.
638 1693 663 1728 J
665 1694 741 1728 unii
772 1695 913 1729 dicatur
942 1706 986 1729 ex
1013 1693 1150 1741 Anglia
1174 1695 1338 1736 venisse;
1370 1694 1420 1729 ibi
1447 1695 1542 1729 enim
1567 1695 1748 1735 educatus,

351 1764 424 1787 non
459 1757 577 1792 natus,
613 1763 698 1786 nam
733 1751 879 1786 Scotum
914 1751 1051 1786 faciunt
1086 1752 1247 1786 historici
1282 1756 1471 1792 nostrates,
1503 1757 1539 1786 et
1567 1757 1750 1797 praeterea

351 1809 566 1844 VVilhelmus
587 1808 701 1849 Heda,
725 1808 749 1842 J
751 1820 783 1843 ο.
802 1819 824 1843 a
841 1808 947 1849 Beca,
968 1807 1105 1843 Anton.
1133 1809 1361 1850 Possevinus,
1386 1810 1444 1843 vir
1468 1810 1561 1854 pius,
1587 1814 1624 1844 et
1648 1811 1748 1854 poly-

351 1866 478 1906 histor,
504 1871 591 1901 tom.
616 1875 642 1899 1.
668 1865 807 1911 Appar.
826 1866 925 1902 Sacri
943 1877 1024 1913 pag.
1043 1874 1242 1900 cccmnn.
1293 1866 1445 1901 Hieron.
1472 1866 1597 1901 Platus
1622 1867 1685 1902 lib.
1705 1876 1748 1901 11.

353 1924 444 1959 Stat.
463 1923 580 1970 Relig.
600 1934 676 1968 cap.
695 1932 800 1958 xxx.
828 1928 850 1944 “
868 1923 1076 1958 Bonifacius
1094 1923 1305 1958 Germaniae
1323 1925 1515 1969 apostolus,
1533 1924 1650 1969 patria
1667 1924 1750 1959 Sco-

352 1982 443 2017 tus.”
494 1980 697 2015 Eucharius
724 1981 889 2027 Sangius,
914 1980 1223 2027 Wirceburgensis
1241 1981 1498 2028 suffraganeus,
1516 1981 1688 2016 Oratione
1706 1983 1749 2016 de

352 2038 603 2074 Translatione
626 2038 671 2072 B.
696 2038 873 2073 Macharii
895 2039 947 2073 sic
969 2038 1125 2072 evincit:
1152 2042 1174 2058 ‘⁶
1192 2038 1399 2073 Macharius
1422 2039 1594 2073 oriundus
1618 2038 1747 2080 Scotia,

352 2108 424 2131 non
449 2101 639 2141 postrema,
668 2095 729 2130 sed
754 2096 866 2131 nobili
891 2096 1083 2130 admodum
1109 2096 1265 2142 Magnae
1291 2096 1502 2131 Britanniae
1528 2101 1640 2142 parte,
1672 2098 1745 2142 qui,

353 2153 498 2189 Victore
515 2153 680 2198 pontifice
698 2153 855 2188 maximo
876 2154 922 2188 ad
943 2154 1084 2188 clavum
1106 2154 1260 2195 sedente,
1284 2158 1326 2188 ut
1343 2153 1502 2189 Annales
1525 2155 1658 2190 habent
1682 2155 1750 2190 ΕΦ

351 2211 548 2251 clesiastici,
575 2215 611 2246 et
636 2216 801 2246 constans
826 2212 1004 2258 majorum
1029 2212 1187 2253 traditio,
1215 2222 1309 2246 anno
1334 2223 1443 2257 supra
1467 2213 1749 2247 ducentesimum

351 2268 469 2309 tertio,
488 2268 693 2303 Christiana
709 2279 809 2303 sacra
825 2268 1015 2314 suscepit.”
1066 2269 1180 2304 Paulo
1201 2274 1294 2315 post,
1317 2269 1412 2304 facta
1433 2281 1515 2305 cum
1533 2270 1611 2305 aliis
1628 2271 1748 2317 regnis

352 2326 626 2371 comparatione,
654 2326 774 2360 addit:
801 2331 825 2346 “
842 2326 944 2361 Citra
964 2327 1177 2373 jactantiam
1203 2328 1346 2362 inanem
1372 2328 1415 2362 de
1437 2327 1557 2363 Scotia
1573 2328 1749 2363 affirmare

351 2394 551 2429 possumuS‚
571 2389 722 2419 matrem
741 2388 820 2418 tum
838 2384 1156 2425 sanctissimorum,
1181 2390 1259 2420 tum
1283 2385 1568 2421 doctissimorum
1588 2386 1749 2420 virorum

352 2440 461 2476 fuisse
475 2440 800 2476 foecundissimam.
829 2441 948 2477 Testis
963 2441 999 2476 S.
1014 2441 1234 2484 Bonifacius,
1248 2443 1436 2479 universae
1449 2442 1523 2479 fere
1536 2442 1748 2478 Germaniae
