2032 2912
354 305 395 333 So
732 295 960 329 HISTORIA
984 290 1355 325 ECCLESIASTICA

503 394 562 428 Ad
580 391 796 436 Thuringios
1231 384 1291 417 lib.
1313 391 1338 416 1.

405 451 540 486 Claruit
558 459 650 483 anno
669 455 812 481 Dcczv.
828 449 889 479 aut
903 444 1051 478 circiter.
1102 442 1240 476 Colitur
1255 449 1323 474 xv·
1339 439 1464 473 Martii
1483 445 1518 474 et
1533 448 1649 474 xxvx.
1666 442 1733 475 Oc-

355 509 474 543 tobris.

838 600 873 634 S.
902 596 1128 632 AMANUS.
1180 597 1238 632 37.

354 679 388 712 S.
424 677 603 711 AMANUS
636 686 729 709 unus
763 685 807 708 ex
839 673 883 707 iis
918 672 1117 716 apostolicis
1152 670 1238 704 viris
1267 668 1340 713 qui,
1371 668 1451 703 fidei
1483 673 1732 717 propagandae

353 735 513 774 studiosi,
531 733 647 767 Scotia
664 733 701 766 in
719 730 925 765 Germanias
943 729 1167 768 transierant,
1194 731 1235 760 ut
1259 726 1391 760 Lazius
1413 727 1552 761 abunde
1575 729 1613 762 in
1636 728 1732 763 Aus-

352 793 431 832 tria,
457 791 596 835 aliique.
648 789 718 823 Hic
743 799 826 833 ergo
851 798 872 820 a
898 785 933 819 S.
962 785 1144 819 Bonifacio
1170 796 1210 818 eo
1237 783 1445 823 destinatus,
1472 784 1509 818 in
1539 784 1731 820 Bavariam

351 848 561 893 penetravit,
586 851 620 881 et
643 847 737 880 inter
760 844 934 888 apostolos
959 842 1075 888 gentis
1100 841 1253 881 habitus,
1279 841 1454 885 martyrio
1471 847 1671 883 coronatur,
1690 848 1731 877 ut

349 907 387 940 in
405 905 558 939 Bavaria
575 904 702 937 Sancta
720 902 923 936 Matthaeus
942 899 1102 933 Raderus
1121 902 1254 932 auctor.
1299 897 1506 943 Supervixit
1524 905 1643 935 autem
1662 900 1732 935 Bo-

348 962 466 996 nifacii
484 962 691 1005 apostolatu.
743 958 891 1002 Scripsit
908 967 991 990 vero

496 1017 669 1051 Homilias
688 1015 896 1049 Sanctorum
1230 1014 1289 1047 lib.
1310 1023 1334 1047 1.

493 1073 624 1107 Contra
641 1072 855 1106 Clementem
874 1070 1018 1103 Scotum
1229 1071 1290 1105 lib.
1311 1080 1335 1105 1.

398 1130 524 1164 Passus
542 1133 594 1163 est
612 1140 703 1162 anno
722 1136 917 1161 DCCLV111.
943 1127 999 1160 die
1018 1135 1102 1160 XVI.
1122 1126 1306 1162 Decembr.
1353 1128 1458 1163 Alius
1477 1128 1639 1165 Amanus
1660 1132 1732 1175 epi-

347 1198 469 1232 scopus
487 1186 609 1220 Gallus
627 1185 721 1230 apud
739 1184 887 1218 Petrum
907 1183 967 1218 lib.
987 1192 1026 1217 Χ.
1046 1183 1207 1230 Catalogi
1226 1195 1301 1229 cap.
1322 1195 1437 1220 LXXI.

807 1297 841 1331 S.
869 1296 1148 1333 ANNIANUS.
1202 1302 1260 1333 38.

346 1417 381 1450 S.
409 1415 640 1454 ANN1ANUS,
667 1412 933 1446 archidiaconus
964 1411 1181 1454 Laudoniae,
1214 1425 1277 1448 seu
1304 1414 1539 1456 Maeatarum,
1566 1421 1607 1451 ut
1633 1418 1727 1461 apud

347 1472 582 1519 Reginaldum
600 1470 811 1505 cardinalem
829 1469 867 1502 iu
888 1469 1052 1504 Historia
1071 1469 1218 1511 Scotica,
1243 1482 1324 1505 cum
1349 1472 1393 1506 ad
1416 1473 1493 1506 loca
1510 1478 1631 1508 sancta
1648 1485 1729 1508 con-

346 1529 585 1564 cionabundus
602 1531 816 1572 properaret,
835 1537 899 1571 per
916 1526 1076 1562 Bavaros
1095 1529 1270 1562 transiens
1295 1529 1340 1563 ab
1357 1529 1556 1564 infidelibus
1574 1541 1730 1575 compre-

345 1588 484 1626 hensus,
509 1586 595 1619 diris
618 1584 829 1619 cruciatibus
853 1584 959 1618 vivus
985 1585 1190 1620 combustus
1217 1590 1370 1626 enectus,
1394 1587 1525 1622 crebris
1548 1588 1728 1622 miraculis

344 1644 519 1678 electionis
538 1655 620 1677 suae
636 1643 739 1676 fidem
755 1642 963 1687 praestruit.
1000 1641 1135 1677 Fuerat
1148 1642 1353 1677 Adamanni
1367 1643 1508 1678 Coludii
1522 1645 1727 1690 discipulus.

344 1701 479 1744 Scripta
496 1701 539 1734 ab
556 1712 595 1734 eo
610 1710 617 1733 :

487 1757 668 1801 Epistolae
686 1756 730 1790 ad
748 1756 884 1802 Regem
902 1755 1214 1791 Ambirkelethum
1275 1757 1336 1791 lib.
1358 1767 1382 1791 Ι.

488 1814 669 1848 Sermones
688 1814 731 1846 ad
749 1813 926 1857 Populum
1272 1815 1333 1849 lib.
1354 1824 1380 1850 1.

392 1871 518 1904 Passus
542 1875 594 1904 est
617 1870 682 1904 sub
703 1870 823 1904 eodem
846 1881 939 1915 rege,
964 1870 1159 1914 imperante
1183 1870 1302 1905 Leone
1328 1871 1377 1905 ΙΙ.
1403 1883 1509 1916 quem
1532 1873 1726 1908 Leontium

345 1931 479 1966 vocant,
498 1938 589 1961 anno
608 1935 809 1961 Dcxcvm.
828 1925 968 1960 Colitur
982 1927 1038 1961 die
1051 1936 1136 1961 XVI.
1152 1927 1336 1962 Decembr.
1362 1928 1406 1962 In
1425 1929 1581 1964 Bavaria
1598 1929 1725 1965 Sancta

344 1984 433 2016 idem
453 1983 623 2018 Raderus.

792 2097 827 2131 S.
855 2096 1141 2132 ANTONINA.
1194 2101 1252 2136 39.

349 2208 383 2241 S.
415 2207 651 2249 Amorum,
682 2210 783 2256 virgo
813 2210 1002 2250 Ursulana,
1033 2213 1135 2246 sociis
1168 2212 1384 2248 Hunnorum
1416 2216 1630 2251 truculentia
1664 2217 1722 2251 ab·

346 2265 494 2308 sumptis
512 2270 697 2309 superstes,
717 2267 800 2302 alibi
817 2273 871 2302 est
887 2279 999 2312 passa.
1031 2269 1136 2303 Culta
1155 2279 1242 2305 XIX.
1261 2270 1436 2307 Januarii.
1472 2272 1607 2308 Canisii
1626 2273 1722 2308 Mar-

347 2321 559 2366 tyrologium
578 2321 833 2358 Germanicum.

391 2377 517 2411 Annus
537 2378 567 2411 ei
586 2389 664 2412 cum
682 2381 759 2414 aliis
777 2381 970 2416 communis
991 2389 1126 2416 CDLIV.
