2032 2912
728 339 904 374 GENTIS
928 337 1204 378 SCOTORUM,
1228 338 1317 371 LIB.
1343 337 1389 371 11.
1714 340 1755 371 87

866 490 902 525 S.
928 489 1117 525 BETTA.
1169 492 1252 525 150.

363 607 509 641 ΒΕΤΤΑ
533 606 570 641 S.
597 604 754 640 Finuani
779 603 985 648 discipulus,
1011 615 1104 639 unus
1130 615 1175 638 ex
1199 608 1354 649 quatuor
1378 604 1597 650 presbyteris
1624 604 1748 646 Sentis,

361 664 423 708 qui
441 662 595 697 Met-cios
618 662 657 696 in
678 660 825 707 Anglia,
851 661 993 695 Pandae
1016 661 1188 706 principis
1212 661 1380 696 beneficio
1402 662 1560 704 invitati,
1584 663 1631 697 ad
1648 662 1754 697 fidem

363 724 621 760 converterant,
649 722 685 753 et
710 729 809 753 sacro
834 717 933 752 fonte
958 722 1195 763 susceperant,
1222 722 1265 753 ut
1289 724 1413 754 narrat
1441 718 1645 755 Florentius
1675 718 1755 753 Wi-

361 777 560 823 gorniensis
577 787 659 822 pag.
679 784 778 810 DLX.
830 775 923 821 Ejus
941 779 1048 809 sunt:

511 833 697 868 Institutio
716 832 1059 867 Catechumenorum
1300 831 1361 867 lib.
1382 841 1408 866 1.

510 890 565 924 De
583 889 765 925 Trinitate
1300 889 1361 925 lib.
1382 897 1424 925 11.

410 947 514 982 Vixit
531 958 625 982 anno
641 947 768 983 salutis
789 954 933 982 Dcmn.

714 1061 926 1098 SAMUEL
951 1060 1263 1098 BEULANIUS.
1317 1064 1400 1097 151.

360 1177 535 1211 SAMUEL
553 1176 760 1217 Beulanius,
776 1176 892 1211 Scotis
908 1177 1116 1222 parentibus
1132 1177 1172 1212 in
1187 1176 1307 1212 Scotia
1322 1181 1443 1218 natus,
1467 1178 1507 1213 in
1528 1176 1646 1213 insula
1663 1176 1752 1213 Vec-

360 1239 397 1268 ta
413 1233 588 1280 Angh'cae
605 1234 753 1268 ditionis
769 1234 990 1278 provinciola
1005 1235 1199 1269 liberaliter
1220 1235 1412 1270 educatus:
1439 1235 1484 1270 ob
1509 1235 1548 1270 id
1572 1246 1750 1270 nonnemo

359 1291 519 1337 Anglum
537 1301 620 1324 eum
634 1289 731 1331 fecit,
755 1301 837 1325 cum
860 1295 980 1325 tamen
1002 1292 1078 1335 ipse
1100 1302 1138 1325 se
1159 1292 1199 1325 in
1217 1291 1394 1327 Tuedalia
1409 1297 1547 1333 natum,
1570 1293 1610 1327 in
1626 1292 1753 1328 Berni-

360 1348 422 1382 ciis
440 1352 593 1383 aetatem
609 1348 779 1394 exegisse,
797 1352 905 1393 atque
921 1347 961 1382 in
978 1348 1145 1384 coenobio
1164 1348 1348 1384 Mailroso.
1399 1348 1494 1396 Ejus
1513 1354 1618 1385 sunt:

505 1404 770 1440 Annotationes
786 1405 826 1439 in
843 1404 881 1439 N
882 1405 1029 1440 ennium
1299 1406 1361 1441 lib.
1380 1415 1407 1441 1.

506 1462 671 1497 Historia
689 1461 881 1497 Itineraria
1298 1464 1361 1498 lib.
1379 1472 1406 1498 1.

508 1519 664 1554 Arthuri
681 1519 793 1554 Facta
809 1520 906 1565 apud
924 1518 1047 1554 scotos
1301 1521 1362 1556 lib.
1383 1529 1409 1556 1.

411 1576 579 1613 Florebat
596 1587 690 1612 anno
706 1577 832 1612 salutis
850 1585 976 1611 DCXL.

713 1691 1013 1728 GULIELMUS
1037 1691 1264 1729 BRUSIUS.
1318 1695 1400 1729 152.

360 1807 609 1841 GULIELMUS
627 1805 792 1847 Brusius,
809 1817 926 1842 comes
939 1806 1091 1842 Antonii
1106 1807 1288 1852 Spinulae,
1302 1807 1453 1843 oratoris
1471 1807 1620 1855 Casgeri
1638 1808 1751 1843 Crim-

360 1864 486 1899 tartari
515 1864 561 1898 ad
590 1874 710 1910 regem
740 1863 920 1905 Poloniae‚
950 1869 994 1899 ut
1020 1869 1145 1899 narrat
1174 1864 1318 1900 Samuel
1349 1865 1569 1900 Purchasius
1604 1866 1665 1900 lib.
1697 1874 1752 1900 lv.

360 1921 580 1967 Peregrinat.
598 1931 674 1967 cap.
693 1929 763 1955 XV.
781 1921 925 1966 scripsit

504 1977 560 2012 De
594 1978 757 2013 Moribus
792 1978 1028 2013 Tartarorum
1061 1991 1106 2015 ex
1140 1979 1326 2015 Relatione
1369 1979 1527 2026 ejusdem
1570 1979 1748 2026 Spinulae.

556 2035 696 2070 Prodiit
713 2035 942 2071 Francofurti
958 2037 1021 2071 lib.
1041 2045 1068 2071 1.

408 2093 512 2128 Vixit
528 2103 623 2128 anno
640 2101 930 2128 uccchxmx.

874 2208 1092 2244 BODECA.
1148 2211 1227 2244 153.

359 2323 543 2363 Bonam,
578 2333 640 2357 seu
674 2322 833 2365 Dudooo,
868 2322 973 2358 domo
1008 2323 1252 2366 Cathenesius‚
1286 2335 1394 2370 quem
1428 2324 1496 2360 sibi
1531 2325 1749 2371 sequendum

358 2381 524 2425 proponit
556 2379 712 2415 Joannes
747 2380 937 2416 Fordunus
972 2382 1011 2417 in
1045 2381 1230 2417 scribenda
1258 2381 1423 2418 Historia
1453 2381 1605 2425 Scotica,
1634 2383 1749 2418 clarus
