2032 2912
666 361 841 394 GENTIS
866 360 1141 400 SCOTORUM,
1166 361 1254 394 LIB.
1278 361 1317 392 V.
1625 363 1686 394 265

743 512 779 547 S.
806 512 1106 548 EOGLODIUS.
1159 516 1241 553 491.

300 627 336 661 S.
356 627 609 668 EOGLODIUS‚
628 627 665 661 S.
685 627 878 661 Columbae
901 628 1106 672 discipulus,
1129 639 1222 662 unus
1246 640 1289 663 ex
1312 629 1356 663 iis
1380 620 1489 663 fuisse
1514 639 1685 663 memora-

302 689 373 726 tur,
393 685 455 730 qui
473 684 679 724 Scandalao,
697 684 869 725 Totaneo,
887 684 1070 725 Notofero,
1089 689 1124 719 et
1142 685 1291 721 Gallano
1309 687 1423 727 sociis,
1450 686 1622 721 Columba
1648 685 1684 717 in

301 741 514 776 Hiberniam
531 742 808 781 transmittente,
825 746 867 776 ut
885 742 936 776 ait
956 741 1004 775 Η.
1023 742 1196 777 Boethius
1214 744 1274 778 lib.
1295 753 1351 778 lx.
1377 744 1472 778 Hist.
1492 744 1584 778 Scot.
1603 754 1684 788 pag.

299 808 457 833 CLXVII.
489 804 511 819 “
529 800 646 834 sedem
671 804 874 833 statuerunt
898 800 935 833 in
960 798 1047 833 Iona
1071 800 1198 841 insula,
1223 801 1406 836 Scotorum
1434 802 1684 844 Pictorumque

299 858 461 903 regiones
491 858 560 902 piis
591 857 776 891 lustrando
806 858 1006 898 sudoribus,
1042 857 1209 898 docendo,
1244 859 1457 899 disserendo,
1493 858 1684 896 scribendo,

299 919 493 959 utrumque
511 916 683 960 populum
706 915 850 959 optimis
876 915 1033 949 moribus
1058 919 1093 949 et
1116 916 1286 962 religione
1309 917 1545 951 imbuerunt.’'
1595 915 1686 948 Con-

300 973 410 1006 sentit
426 972 483 1007 Jo.
503 972 673 1007 Leslaeus
691 972 752 1006 lib.
772 981 826 1007 IV.
844 984 925 1019 pag.
945 981 1042 1006 CLII.
1094 972 1154 1008 Ab
1179 986 1220 1008 eo
1246 975 1377 1019 scripta
1402 975 1573 1019 plurima;
1602 983 1687 1017 pau-

300 1041 422 1064 corum
439 1031 485 1064 ad
502 1042 558 1064 me
575 1030 690 1075 apices
708 1035 957 1074 pervenerunt.

450 1088 643 1122 Columbae
661 1087 830 1134 Magistri
847 1088 934 1123 Vita
1181 1090 1242 1123 lib.
1262 1099 1287 1123 1.
1306 1090 1400 1134 apud
1418 1089 1637 1123 Fordunum.

449 1145 633 1190 Epistolae
651 1146 697 1179 ad
717 1145 895 1181 Hibernos
1188 1147 1249 1182 lib.
1269 1157 1293 1182 1.

353 1203 493 1238 Floruit
510 1215 603 1237 anno
622 1211 734 1238 DCVI.

793 1318 1068 1355 ETHODIUS.
1122 1322 1205 1358 492.
1236 1356 1240 1359 Δ

302 1434 519 1469 ΕΤΗοῡωε
546 1434 574 1468 Ι.
607 1445 680 1475 rex,
708 1434 812 1468 Galdi
845 1434 1010 1479 abnepos,
1042 1434 1192 1480 Mogalli
1219 1447 1263 1470 ex
1293 1447 1413 1470 sorore
1440 1445 1558 1478 nepos,
1593 1442 1689 1467 XXV.

302 1505 323 1527 a
342 1492 526 1538 Fergusio,
547 1492 670 1526 statim
688 1492 791 1526 initio
809 1492 910 1538 regni
928 1498 1035 1536 rupto
1054 1494 1147 1526 vallo
1166 1492 1338 1538 Angliam
1366 1493 1556 1538 ingressus,
1585 1491 1692 1525 dubio

304 1550 423 1584 Marte
441 1561 521 1584 cum
543 1549 728 1590 Romanis,
756 1550 818 1594 qui
845 1549 1074 1593 praesidiario
1096 1551 1179 1596 jure
1204 1561 1281 1583 eam
1308 1550 1527 1594 provinciam
1553 1549 1692 1582 obtine-

305 1608 402 1648 bant,
429 1607 638 1650 dimicavit3
666 1607 809 1641 biennio
835 1618 919 1640 vero
945 1613 1026 1651 post
1051 1609 1191 1642 eosdem
1219 1607 1372 1642 Scotiam
1400 1607 1587 1653 ingressos,
1615 1606 1687 1639 acie
1739 1636 1741 1641 ,

305 1670 488 1709 superatos
507 1665 602 1698 intra
617 1665 750 1698 vallum
765 1664 907 1708 repulit.
941 1664 1110 1709 Princeps
1124 1666 1220 1699 omni
1236 1666 1310 1699 vita
1323 1666 1449 1704 clarus,
1463 1664 1508 1698 ab
1522 1664 1692 1697 Hebridi-

304 1733 372 1755 ano
392 1722 536 1756 tibicine
554 1726 662 1756 noctu
675 1722 865 1767 jugulatus
883 1719 1030 1756 interiit.
1083 1722 1175 1768 Ejus
1193 1727 1298 1756 sunt:

452 1779 695 1815 venationum
713 1779 868 1819 Statuta,
886 1779 1116 1814 Dornadillae
1133 1780 1304 1820 addenda,
1388 1779 1448 1813 lib.
1469 1788 1492 1812 1.

454 1837 638 1882 Epistolae
656 1837 700 1870 ad
718 1836 854 1883 Regem
873 1837 1055 1871 Pictorum
1386 1837 1446 1871 lib.
1468 1846 1492 1870 1.
1545 1833 1550 1840 “

354 1895 519 1929 Excessit
536 1906 630 1928 anno
646 1894 748 1939 regni
767 1894 822 1928 sui
841 1903 943 1929 XXX.
971 1896 1114 1929 annales
1131 1899 1318 1935 nostrates,
1342 1896 1398 1928 vel
1425 1906 1517 1929 anno
1544 1903 1689 1928 XXXIV.

305 1953 459 1987 Balaeus
488 1957 524 1986 et
551 1952 623 1992 alii,
648 1952 753 1985 salut.
778 1952 954 1985 humanae
978 1961 1114 1986 CXCVI.
1167 1952 1355 1986 Pontifices
1382 1957 1482 1986 erant
1507 1950 1689 1991 Anicetus,

305 2011 419 2051 Soter,
436 2009 666 2044 Eleutherius
680 2020 689 2050 ;
713 2009 954 2054 imperatores,
967 2009 1019 2043 M.
1034 2009 1205 2044 Aurelius
1220 2009 1426 2044 Antoninus
1442 2010 1689 2055 Philosophus,

306 2067 534 2107 Commodus,
553 2066 679 2101 Aelius
698 2066 880 2101 Pertinax.

773 2182 808 2216 S.
836 2182 1089 2217 ERENEUS.
1142 2185 1225 2221 493.

306 2299 341 2333 S.
361 2298 574 2339 ERENEUS,
597 2298 643 2332 D.
663 2297 857 2332 Columbae
882 2300 1050 2343 aequalis,
1076 2299 1274 2334 celebratur
1299 2311 1320 2333 a
1344 2299 1390 2333 D.
1416 2298 1630 2333 Adamanno
1656 2298 1694 2331 in

306 2356 391 2391 Vita
410 2356 455 2390 D.
475 2356 668 2391 Columbae
692 2356 752 2390 lib.
773 2365 798 2390 1.
817 2367 892 2400 cap.
914 2366 974 2390 111.
993 2357 1048 2391 his
1066 2357 1201 2391 verbis:
1228 2362 1249 2376 ‘⁶
1270 2356 1340 2391 Hic
1356 2361 1431 2391 erat
1453 2355 1614 2391 Ereneus
1631 2366 1694 2400 per

307 2425 427 2448 omnes
445 2419 567 2459 postea
585 2413 723 2448 Scotiae
741 2414 902 2448 ecclesias
920 2414 1087 2455 famosus,
1107 2419 1142 2448 et
1160 2415 1262 2449 valde
1279 2414 1497 2454 notissimus,
1521 2414 1583 2458 qui
1608 2414 1693 2448 haec

307 2472 426 2506 omnia
444 2472 551 2507 verba
569 2471 719 2518 Segenio
740 2471 860 2506 abbati
878 2472 921 2506 de
939 2483 975 2506 se
992 2472 1203 2517 prophetata
1221 2476 1459 2512 enarraverat,
1485 2483 1563 2506 meo
1580 2471 1694 2506 deces-
