2032 2912
696 353 873 386 GENTIS
897 351 1174 390 SCOTORUM‚
1199 351 1288 384 LIB.
1313 350 1358 384 11.
1684 351 1726 382 83

331 455 388 485 tor
421 450 551 497 regius,
586 449 629 483 de
663 447 859 482 Nobilitate
892 457 969 490 cap.
1006 454 1126 480 xxxx.
1160 456 1309 481 numero
1344 453 1506 479 cccxw.
1546 444 1721 490 sigebert.

331 507 555 542 Gemblacen.
569 506 607 540 in
621 504 797 540 Chronico
810 503 856 537 ad
869 513 1003 537 annum
1018 510 1168 537 valu.
1200 507 1222 523 “
1234 502 1349 548 Virgo
1362 501 1430 537 Dei
1444 501 1605 548 Brigitta
1617 501 1722 537 Scota

332 564 421 599 obiit
438 565 476 598 in
494 562 644 598 Scotia.”
682 560 853 604 Aequalis
867 559 938 593 fuit
951 558 986 592 S.
1002 558 1206 594 Benedicto.
1245 558 1334 594 Ant.
1353 558 1545 595 Sabellicus
1559 558 1722 595 Ennead.

333 630 421 655 vm.
434 621 492 654 lib.
504 628 547 653 11.
563 624 585 639 “
596 618 682 652 Fuit
694 617 726 651 ei
741 616 792 660 (S.
806 615 1014 659 Benedicto)
1027 616 1183 659 aequalis
1195 616 1346 662 Brigida
1358 617 1396 650 in
1409 616 1527 650 Scotia
1540 620 1634 657 nata,
1648 628 1722 652 cae-

330 683 448 712 terum
466 676 654 710 sanctitate
672 673 856 719 insignis.”
906 671 1068 716 Raphael
1080 671 1338 706 volaterranus
1351 672 1412 707 lib.
1428 682 1517 707 XXI.
1536 674 1723 709 Commen-

329 734 501 768 tariorum
518 742 602 777 pag.
622 738 808 764 DCXXXV.
836 734 859 749 “
872 728 960 763 Fuit
979 733 1015 762 et
1031 729 1143 762 altera
1161 728 1312 774 Brigida
1329 729 1443 774 virgo,
1461 729 1567 764 Scota
1582 742 1722 776 genere,

330 790 397 825 sub
413 789 438 823 J
439 800 552 824 oanne
570 787 599 822 1.
618 798 712 822 anno
730 787 869 821 Dxxl.’'
920 785 980 819 Ex
997 796 1069 831 quo
1086 789 1185 830 patet
1202 784 1291 820 falso
1308 785 1510 821 Gilbertum
1528 787 1724 823 Genebrar·

329 847 416 881 dum
441 846 633 881 affirmasse
658 846 807 880 eandem
834 844 932 879 illam
958 854 1033 878 esse
1058 854 1139 877 cum
1165 842 1309 888 Brigita
1333 843 1474 878 ducissa
1499 843 1660 879 Neritiae
1685 846 1724 880 in

329 904 457 945 Scotia,
475 915 566 950 quae
584 909 619 938 et
637 903 746 937 vidua
758 902 840 942 fuit,
854 912 935 936 cum
952 901 1038 935 haec
1054 904 1178 935 nostra
1194 901 1242 935 sit
1259 901 1384 947 virgo;
1403 902 1526 936 multis
1540 907 1620 946 post
1633 902 1724 937 hanc

329 962 456 996 seculis
474 972 516 996 ea
532 961 670 1001 claruit,
689 960 822 994 scilicet
838 970 932 993 anno
950 966 1159 993 MCCLXIH.
1182 957 1381 993 Coaetanea
1402 959 1511 994 etiam
1535 959 1621 994 haec
1643 971 1725 995 nos-

329 1024 386 1053 tra
402 1018 438 1052 S.
458 1018 625 1058 Patricio,
640 1017 832 1061 eodemque
845 1017 931 1056 loeo,
946 1015 1045 1050 Duni
1059 1016 1202 1056 scilicet,
1216 1026 1288 1050 una
1305 1027 1385 1050 cum
1403 1028 1444 1051 eo
1462 1018 1623 1061 sepulta:
1642 1018 1722 1052 lieet

329 1075 488 1110 canonici
506 1074 747 1110 Abrenethaei
769 1085 807 1108 se
829 1074 958 1108 habere
984 1073 1080 1107 illius
1103 1084 1242 1107 sacrum
1267 1084 1394 1118 corpus
1416 1074 1455 1108 in
1479 1074 1563 1109 Fifa
1585 1074 1723 1110 Scotiae

329 1133 580 1173 existimarint,
598 1137 639 1166 ut
657 1143 702 1165 ex
718 1131 806 1166 actis
823 1131 919 1165 illius
937 1131 1100 1164 ecclesiae
1117 1131 1240 1165 retulit
1257 1130 1426 1165 Leslaeus
1448 1131 1487 1165 in
1510 1133 1586 1166 loco
1603 1133 1723 1167 lauda-

333 1195 380 1230 to,
402 1195 522 1224 tamen
544 1201 609 1234 pro
635 1188 880 1223 Hibernorum
903 1188 1080 1222 sententia
1102 1192 1200 1222 stant
1221 1189 1359 1234 vulgati
1384 1199 1518 1229 versus,
1537 1201 1559 1224 a
1575 1189 1722 1224 Giraldo

330 1245 538 1282 Cambrensi
555 1246 658 1281 relati
676 1246 737 1279 lib.
758 1254 801 1279 11.
821 1244 1095 1291 Topographiae
1114 1244 1309 1280 Hiberniae
1327 1256 1403 1290 cap.
1423 1255 1574 1281 xxmx.

631 1338 673 1367 Hi
688 1344 746 1368 tres
760 1339 791 1367 in
806 1338 896 1367 Duno
909 1337 1022 1366 tumulo
1036 1338 1220 1367 tumulantur
1233 1339 1264 1367 in
1276 1348 1344 1372 uno,

669 1385 796 1424 Bfigida,
812 1384 964 1418 Patricius,
978 1390 1065 1424 atque
1080 1384 1219 1414 Columba
1233 1385 1308 1424 pius.

378 1477 515 1512 Verum
540 1475 738 1510 audiendus
765 1474 814 1508 H.
841 1474 1016 1509 Boethius
1041 1475 1102 1510 lib.
1130 1484 1188 1509 lx.
1220 1474 1317 1510 Hist.
1345 1474 1439 1511 Scot.
1467 1488 1548 1524 pag.
1576 1486 1721 1512 cnvm.

330 1540 351 1555 “
368 1534 468 1570 Inter
480 1538 658 1569 nostrates
673 1532 835 1579 Brigida,
849 1532 1072 1567 sanctissima
1085 1532 1208 1578 virgo:
1226 1532 1323 1573 haec,
1337 1541 1423 1567 xlv.
1436 1544 1530 1568 anno
1545 1534 1607 1568 vix
1619 1545 1723 1579 supe-

329 1597 418 1633 rato,
436 1592 481 1626 ad
499 1591 732 1625 Sodorensem
752 1590 957 1634 episcopum
975 1589 1013 1623 in
1031 1589 1179 1624 Monam
1197 1589 1350 1624 insulam
1370 1590 1492 1636 (hujus
1506 1596 1626 1625 autem
1641 1592 1722 1630 viri,

330 1650 434 1684 sicuti
452 1649 603 1683 aliorum
621 1647 869 1692 complurium,
888 1650 1066 1681 vetustate
1083 1647 1238 1681 nominis
1260 1648 1432 1688 memoria
1454 1649 1560 1692 periit
1585 1649 1721 1692 (revera

330 1712 450 1741 tamen
468 1705 638 1740 Machilla
655 1704 853 1750 dicebatur)
876 1704 1034 1749 paternis
1051 1703 1218 1744 fortunis,
1236 1715 1327 1748 quae
1348 1705 1586 1749 amplissimae
1610 1712 1722 1745 erant,

330 1764 554 1807 contemptis,
574 1762 727 1808 aufugit,
747 1762 909 1806 precibus
931 1772 1003 1795 non
1021 1761 1097 1794 sine
1114 1761 1306 1805 lachrymis
1323 1766 1457 1805 petens,
1475 1766 1516 1796 ut
1533 1767 1723 1806 perpetuae

331 1819 532 1866 virginitati
549 1818 730 1863 pontificia
748 1818 966 1852 authoritate
983 1818 1216 1852 addiceretur.
1256 1818 1425 1852 Pontifex
1438 1824 1616 1863 acceptam
1631 1820 1723 1854 mira

331 1876 552 1922 benignitate
574 1875 760 1921 Brigidam
787 1875 963 1921 virginem
986 1874 1063 1909 Deo
1085 1876 1249 1915 sacravit,
1273 1875 1439 1920 deditque
1462 1880 1503 1910 ut
1526 1876 1605 1910 alba
1628 1878 1723 1911 tuni-

329 1946 370 1968 ca
395 1937 530 1967 scortea
552 1933 761 1967 intercincta
782 1943 872 1966 zona
894 1936 1065 1972 uteretur,
1092 1937 1298 1978 tegumento
1322 1933 1448 1977 capitis
1473 1934 1546 1967 lino
1571 1934 1722 1968 canden-

333 1991 362 2025 ti
380 1990 565 2036 quadrato,
584 2001 605 2024 a
621 1990 756 2024 cervice
773 1990 818 2024 ad
836 1989 1002 2023 humeros
1020 1989 1166 2035 dejecto.
1210 1988 1349 2024 Effecta
1365 1994 1419 2024 est
1436 1991 1594 2036 ejusdem
1612 1991 1720 2038 virgi-

330 2049 386 2083 nis
405 2048 449 2081 ad
467 2047 711 2092 posteritatem
733 2047 778 2081 ob
802 2048 971 2092 pietatem
995 2047 1171 2092 insignem
1195 2047 1339 2082 celebris
1363 2048 1450 2082 adeo
1473 2049 1654 2090 memoria,
1677 2055 1719 2084 ut

330 2105 438 2145 Scoti,
458 2104 562 2144 Picti,
583 2103 780 2144 Hibernici,
797 2109 832 2138 et
848 2104 911 2149 qui
928 2104 999 2138 illis
1016 2104 1183 2149 gentibus
1207 2105 1341 2139 vicinas
1362 2105 1494 2140 habent
1512 2106 1622 2146 sedes,
1641 2105 1720 2140 An-

329 2164 390 2210 gli,
416 2173 495 2197 eam
520 2162 614 2196 inter
637 2161 810 2196 foeminas
829 2172 918 2206 quas
936 2160 1141 2195 christiana
1158 2162 1302 2196 ecclesia
1319 2163 1356 2196 in
1373 2167 1576 2199 sanctorum
1595 2174 1718 2198 nume-

330 2231 411 2254 rum
424 2219 558 2258 retulit,
572 2219 764 2253 secundum
777 2218 969 2263 Deiparam
981 2217 1168 2265 Virginem
1179 2219 1369 2264 praecipua
1379 2231 1517 2265 semper
1529 2220 1720 2255 habuerint

330 2276 568 2312 veneratione.
598 2275 750 2320 Templa
762 2275 931 2321 Brigidae
944 2276 1080 2310 nomini
1094 2276 1188 2310 inter
1200 2277 1264 2310 hos
1275 2278 1424 2321 populos
1436 2288 1545 2318 sacra,
1556 2282 1646 2322 quot
1657 2279 1719 2312 vix

331 2334 481 2380 alicujus
498 2334 674 2373 divorum,
692 2333 801 2379 hujus
818 2333 870 2367 rei
887 2337 984 2367 certa
1000 2338 1084 2367 sunt
1102 2334 1262 2368 indicia.’'
1314 2334 1425 2368 Plura
1441 2335 1567 2369 deinde
1583 2335 1628 2369 de
1644 2346 1720 2370 cor-

330 2402 426 2436 pore.
453 2390 604 2425 Arnold.
619 2390 788 2424 Mirman.
804 2390 962 2425 Theatro
975 2389 1145 2425 convers.
1160 2390 1264 2426 Gent.
1280 2396 1303 2411 “
1313 2391 1349 2426 S.
1364 2391 1514 2439 Brigida
1526 2403 1568 2427 eo
1580 2404 1668 2427 aevo
1681 2394 1718 2427 in

332 2448 450 2484 Scotia
467 2460 567 2483 rarae
584 2448 877 2495 prodigiosaeque
894 2448 1124 2483 sanctitatis.’'
1174 2448 1376 2484 Chronieon
1392 2449 1601 2485 coloniense
1623 2451 1717 2496 apud
