2044 2992
546 460 753 497 SIMONIS
778 459 1043 495 RODERISII
1071 458 1308 494 HARLENI
1335 458 1543 498 BATAV1‚

637 557 925 584 PHILOSOPHIAE
943 557 993 583 ET
1011 556 1228 582 MEDICINAE
1247 556 1450 583 DOCTORIS.

521 699 596 729 Non
614 697 714 729 minus
730 702 863 738 augusto
878 696 968 738 genio
984 706 1076 738 quam
1092 694 1215 726 nomine
1231 705 1371 737 magnus,

521 750 647 782 Pelleus
659 749 796 791 juvenis,
813 759 883 780 cum
899 747 1108 790 bellipotentis
1125 746 1257 778 Achillis

519 802 682 844 Aspiceret
698 801 823 839 cineres,
840 807 940 832 totum
958 811 989 831 se
1004 799 1086 831 fudit
1101 810 1219 830 amaras

523 855 560 885 In
577 853 760 895 lachrymas,
776 853 838 884 imo
853 853 969 884 ducens
984 851 1039 882 has
1055 857 1178 893 pectore
1193 862 1282 883 voces
1295 863 1303 881 z

522 906 612 936 Felix
627 905 761 942 Pelides,
778 911 901 935 aeterno
917 903 1050 935 carmine
1064 914 1196 945 magnus

517 958 620 994 Quem
637 957 729 994 canit,
746 956 909 998 Aoniaque
925 956 1001 986 tuba
1017 955 1100 987 coelo
1115 961 1228 997 aequat
1243 955 1400 987 Homerus
1413 969 1420 985 :

521 1010 581 1040 Ast
597 1020 665 1050 ego,
682 1008 776 1039 totius
791 1007 900 1038 mundi
915 1007 1107 1049 domitorque
1123 1014 1307 1049 tremorque,

520 1061 682 1091 Destituor
696 1060 790 1101 digno
805 1059 932 1090 laudum
949 1069 1098 1100 praecone
1113 1069 1250 1090 mearum
1263 1071 1271 1089 ε

518 1113 570 1143 Sic
586 1123 653 1143 mea
669 1123 738 1142 cum
755 1111 818 1142 vita
834 1110 958 1153 Stygias
973 1109 1117 1151 migrabit
1132 1110 1171 1141 ad
1187 1110 1297 1147 undas,

521 1165 617 1195 Fama
632 1163 718 1194 brevi
734 1173 906 1204 nomenque
921 1172 1023 1193 meum
1040 1172 1111 1192 mox
1127 1162 1245 1193 excidet
1263 1172 1349 1200 aevo,

521 1215 567 1246 Ut
583 1215 637 1257 qui
652 1215 812 1246 consenuit
827 1214 935 1255 patriis
950 1213 1098 1255 inglorius
1114 1213 1203 1244 arvis.

518 1267 570 1297 Sic
587 1266 707 1304 moriar,
724 1266 937 1308 reliquumque
952 1265 1029 1296 nihil
1043 1271 1113 1306 post
1128 1265 1220 1296 busta
1236 1266 1369 1296 tenebo?

519 1318 737 1360 Nequicquam
754 1328 896 1359 magnus,
912 1316 957 1347 nil
971 1316 1139 1347 debellasse
1156 1322 1202 1347 tot
1217 1316 1321 1353 urbes,

519 1370 577 1401 Nil
594 1370 674 1401 orbis
690 1369 769 1400 vasti
784 1368 915 1410 populos
930 1368 1084 1399 fraenasse
1094 1367 1230 1409 juvabit.

517 1421 641 1453 Scilicet
655 1421 741 1452 haud
754 1421 855 1452 minor
871 1427 917 1452 est
932 1420 1030 1452 virtus
1046 1419 1185 1461 quaesita
1200 1419 1280 1450 tueri

522 1473 672 1511 Nomina,
688 1472 852 1515 praeclaris
866 1483 959 1514 quam
975 1472 1089 1503 famam
1104 1482 1250 1513 quaerere
1265 1471 1361 1502 factis.

520 1526 618 1563 Quas,
635 1525 830 1567 Dempstere,
847 1524 942 1566 igitur
958 1524 1014 1555 tibi
1030 1523 1146 1554 Martia
1162 1523 1265 1554 Scotia
1280 1530 1392 1564 grates,

518 1579 607 1615 Quas
622 1577 753 1608 referent
768 1576 896 1608 heroum
913 1576 1042 1613 animae,
1059 1585 1190 1616 quorum
1206 1574 1322 1617 inclyta
1337 1582 1433 1616 gesta,

519 1630 624 1660 Foeda
640 1636 720 1660 tecta
736 1629 809 1666 situ,
825 1628 989 1670 densisque
1005 1627 1126 1669 sepulta
1142 1626 1287 1665 tenebris,

520 1681 614 1712 Eruis
630 1681 662 1711 in
678 1681 789 1718 lucem,
806 1680 974 1722 meritaque
990 1680 1029 1710 ad
1044 1679 1142 1710 sidera
1156 1678 1249 1709 laude

519 1732 647 1770 Evehis,
664 1732 869 1774 historiaeque
884 1732 960 1763 tuba
976 1742 1069 1773 super
1084 1730 1207 1762 aethera
1223 1731 1303 1762 tollis
1316 1734 1329 1761 Ξ*

830 1922 923 1947 VIRO
942 1921 1257 1951 1NCOMPARABJL1‚

743 1988 876 2017 AMICO,
897 1988 977 2013 HEU
997 1988 1209 2017 QUONDAM!
1229 1987 1344 2016 RARQ.

986 2049 1037 2083 M.
1066 2049 1101 2083 S.

673 2130 917 2161 JOANNES
950 2130 1193 2162 RHODIUS
1225 2130 1412 2161 DAN-its.

519 2253 609 2288 Aras,
627 2262 719 2289 arma,
736 2252 829 2289 focos,
846 2251 940 2293 leges,
957 2251 1114 2293 sociosque
1129 2251 1296 2288 Quiritum,

563 2302 683 2332 Invidia
700 2302 835 2333 inscitiae
850 2303 933 2333 nube
949 2303 1072 2344 tegebat
1088 2303 1161 2334 avis.

518 2354 611 2385 Alma
627 2353 766 2391 Themis,
782 2354 898 2395 priscae
913 2354 1015 2396 stirpis
1031 2366 1158 2393 memor,
1175 2366 1231 2386 axe
1247 2355 1354 2386 Trioni

563 2405 746 2446 Dempstero
762 2405 912 2436 calamum
928 2406 1136 2448 vindiciasque
1151 2407 1244 2438 dedit.

522 2457 579 2487 Ille
596 2457 686 2487 deum
703 2464 795 2498 atque
810 2457 895 2488 urbis
916 2457 1005 2488 Latio
1022 2469 1159 2489 sermone
1174 2458 1302 2489 nitorem

562 2508 712 2539 Restituit
728 2508 826 2545 vobis,
843 2508 1047 2551 historiaeque
1063 2510 1163 2542 fidem.

1026 2562 1066 2607 f
