<?xml version="1.0" encoding="UTF-8"?>
<!DOCTYPE html PUBLIC "-//W3C//DTD XHTML 1.0 Transitional//EN"
    "http://www.w3.org/TR/xhtml1/DTD/xhtml1-transitional.dtd">
<html xmlns="http://www.w3.org/1999/xhtml" xml:lang="en" lang="en">
 <head>
  <title>
</title>
<meta http-equiv="Content-Type" content="text/html;charset=utf-8" />
  <meta name='ocr-system' content='tesseract 3.04.00' />
  <meta name='ocr-capabilities' content='ocr_page ocr_carea ocr_par ocr_line ocrx_word'/>
</head>
<body>
  <div class='ocr_page' id='page_1' title='image "./thomaedempste2101dempuoft_0367.png"; bbox 0 0 2032 2912; ppageno 0'>
   <div class='ocr_carea' id='block_1_1' title="bbox 698 341 1735 382">
    <p class='ocr_par' dir='ltr' id='par_1_1' title="bbox 698 341 1735 382">
     <span class='ocr_line' id='line_1_1' title="bbox 698 341 1735 382; baseline 0.004 -8"><span class='ocrx_word' id='word_1_1' title='bbox 698 342 875 375; x_wconf 89' lang='lat' dir='ltr'><strong>GENTIS</strong></span> <span class='ocrx_word' id='word_1_2' title='bbox 899 341 1176 382; x_wconf 90' lang='lat' dir='ltr'><strong>SCOTORUM,</strong></span> <span class='ocrx_word' id='word_1_3' title='bbox 1199 343 1288 377; x_wconf 90' lang='lat' dir='ltr'><strong>LIB.</strong></span> <span class='ocrx_word' id='word_1_4' title='bbox 1313 344 1391 377; x_wconf 94' lang='lat' dir='ltr'><strong>VII.</strong></span> <span class='ocrx_word' id='word_1_5' title='bbox 1673 347 1735 378; x_wconf 79' lang='lat'><strong>305</strong></span> 
     </span>
    </p>
   </div>
   <div class='ocr_carea' id='block_1_2' title="bbox 346 435 1737 718">
    <p class='ocr_par' dir='ltr' id='par_1_2' title="bbox 346 435 1734 598">
     <span class='ocr_line' id='line_1_2' title="bbox 346 435 1730 487; baseline 0.004 -17"><span class='ocrx_word' id='word_1_6' title='bbox 346 436 497 479; x_wconf 87' lang='lat' dir='ltr'><strong>posuit.”</strong></span> <span class='ocrx_word' id='word_1_7' title='bbox 539 435 659 471; x_wconf 88' lang='lat' dir='ltr'><strong>Verba</strong></span> <span class='ocrx_word' id='word_1_8' title='bbox 675 441 760 471; x_wconf 90' lang='lat' dir='ltr'><strong>sunt</strong></span> <span class='ocrx_word' id='word_1_9' title='bbox 777 437 896 472; x_wconf 90' lang='lat' dir='ltr'><strong>Bedae</strong></span> <span class='ocrx_word' id='word_1_10' title='bbox 912 438 973 473; x_wconf 93' lang='lat' dir='ltr'><strong>lib.</strong></span> <span class='ocrx_word' id='word_1_11' title='bbox 993 447 1053 473; x_wconf 91' lang='lat'><strong>111.</strong></span> <span class='ocrx_word' id='word_1_12' title='bbox 1074 438 1211 474; x_wconf 89' lang='lat' dir='ltr'><strong>Histor.</strong></span> <span class='ocrx_word' id='word_1_13' title='bbox 1230 439 1365 476; x_wconf 87' lang='lat' dir='ltr'><strong>Eccles.</strong></span> <span class='ocrx_word' id='word_1_14' title='bbox 1384 439 1535 487; x_wconf 83' lang='lat' dir='ltr'><strong>Anglor.</strong></span> <span class='ocrx_word' id='word_1_15' title='bbox 1550 451 1626 485; x_wconf 87' lang='lat' dir='ltr'><strong>cap.</strong></span> <span class='ocrx_word' id='word_1_16' title='bbox 1642 449 1730 475; x_wconf 83' lang='lat' dir='ltr'><strong>XIX.</strong></span> 
     </span>
     <span class='ocr_line' id='line_1_3' title="bbox 349 492 1734 544; baseline 0.003 -16"><span class='ocrx_word' id='word_1_17' title='bbox 349 492 470 540; x_wconf 88' lang='lat' dir='ltr'><strong>Hujus</strong></span> <span class='ocrx_word' id='word_1_18' title='bbox 488 506 573 529; x_wconf 87' lang='lat' dir='ltr'><strong>sane</strong></span> <span class='ocrx_word' id='word_1_19' title='bbox 597 495 887 530; x_wconf 84' lang='lat' dir='ltr'><strong>commemoratio</strong></span> <span class='ocrx_word' id='word_1_20' title='bbox 905 495 945 530; x_wconf 83' lang='lat' dir='ltr'><strong>fit</strong></span> <span class='ocrx_word' id='word_1_21' title='bbox 966 496 1011 531; x_wconf 89' lang='lat' dir='ltr'><strong>ab</strong></span> <span class='ocrx_word' id='word_1_22' title='bbox 1036 497 1180 531; x_wconf 87' lang='lat' dir='ltr'><strong>ecclesia</strong></span> <span class='ocrx_word' id='word_1_23' title='bbox 1204 497 1408 539; x_wconf 88' lang='lat' dir='ltr'><strong>Peronensi,</strong></span> <span class='ocrx_word' id='word_1_24' title='bbox 1435 498 1496 533; x_wconf 90' lang='lat' dir='ltr'><strong>sed</strong></span> <span class='ocrx_word' id='word_1_25' title='bbox 1521 498 1638 534; x_wconf 85' lang='lat' dir='ltr'><strong>nescio</strong></span> <span class='ocrx_word' id='word_1_26' title='bbox 1663 509 1734 544; x_wconf 93' lang='lat' dir='ltr'><strong>quo</strong></span> 
     </span>
     <span class='ocr_line' id='line_1_4' title="bbox 349 551 1319 598; baseline 0.006 -14"><span class='ocrx_word' id='word_1_27' title='bbox 349 551 416 592; x_wconf 88' lang='lat' dir='ltr'><strong>die,</strong></span> <span class='ocrx_word' id='word_1_28' title='bbox 434 563 498 587; x_wconf 91' lang='lat' dir='ltr'><strong>nec</strong></span> <span class='ocrx_word' id='word_1_29' title='bbox 516 553 772 598; x_wconf 87' lang='lat' dir='ltr'><strong>martyrologia</strong></span> <span class='ocrx_word' id='word_1_30' title='bbox 790 553 994 588; x_wconf 87' lang='lat' dir='ltr'><strong>meminere.</strong></span> <span class='ocrx_word' id='word_1_31' title='bbox 1047 553 1243 598; x_wconf 82' lang='lat' dir='ltr'><strong>Scripserat</strong></span> <span class='ocrx_word' id='word_1_32' title='bbox 1259 556 1319 590; x_wconf 90' lang='lat' dir='ltr'><strong>ille</strong></span> 
     </span>
    </p>

    <p class='ocr_par' dir='ltr' id='par_1_3' title="bbox 495 609 1343 656">
     <span class='ocr_line' id='line_1_5' title="bbox 495 609 1343 656; baseline 0.005 -13"><span class='ocrx_word' id='word_1_33' title='bbox 495 609 590 644; x_wconf 88' lang='lat' dir='ltr'><strong>Acta</strong></span> <span class='ocrx_word' id='word_1_34' title='bbox 607 609 758 644; x_wconf 60' lang='lat' dir='ltr'><strong>Fui-saei</strong></span> <span class='ocrx_word' id='word_1_35' title='bbox 777 610 940 656; x_wconf 80' lang='lat' dir='ltr'><strong>magistri</strong></span> <span class='ocrx_word' id='word_1_36' title='bbox 1237 612 1298 647; x_wconf 90' lang='lat' dir='ltr'><strong>lib.</strong></span> <span class='ocrx_word' id='word_1_37' title='bbox 1318 622 1343 647; x_wconf 95' lang='lat'><strong>1.</strong></span> 
     </span>
    </p>

    <p class='ocr_par' dir='ltr' id='par_1_4' title="bbox 495 666 1737 718">
     <span class='ocr_line' id='line_1_6' title="bbox 495 666 1737 718; baseline 0.006 -18"><span class='ocrx_word' id='word_1_38' title='bbox 495 666 699 711; x_wconf 83' lang='lat' dir='ltr'><strong>Epistolam</strong></span> <span class='ocrx_word' id='word_1_39' title='bbox 741 668 787 701; x_wconf 90' lang='lat' dir='ltr'><strong>ad</strong></span> <span class='ocrx_word' id='word_1_40' title='bbox 821 668 972 702; x_wconf 87' lang='lat' dir='ltr'><strong>eundem</strong></span> <span class='ocrx_word' id='word_1_41' title='bbox 1013 668 1117 714; x_wconf 90' lang='lat' dir='ltr'><strong>(quae</strong></span> <span class='ocrx_word' id='word_1_42' title='bbox 1152 669 1309 705; x_wconf 88' lang='lat' dir='ltr'><strong>Peronae</strong></span> <span class='ocrx_word' id='word_1_43' title='bbox 1344 671 1508 718; x_wconf 87' lang='lat' dir='ltr'><strong>diligenti</strong></span> <span class='ocrx_word' id='word_1_44' title='bbox 1542 672 1737 707; x_wconf 84' lang='lat' dir='ltr'><strong>veneratio-</strong></span> 
     </span>
    </p>
   </div>
   <div class='ocr_carea' id='block_1_3' title="bbox 545 725 1737 828">
    <p class='ocr_par' dir='ltr' id='par_1_5' title="bbox 545 725 1737 828">
     <span class='ocr_line' id='line_1_7' title="bbox 545 725 1737 775; baseline 0.005 -17"><span class='ocrx_word' id='word_1_45' title='bbox 545 736 601 764; x_wconf 92' lang='lat' dir='ltr'><strong>ne,</strong></span> <span class='ocrx_word' id='word_1_46' title='bbox 632 730 673 759; x_wconf 87' lang='lat' dir='ltr'><strong>ut</strong></span> <span class='ocrx_word' id='word_1_47' title='bbox 700 725 818 764; x_wconf 90' lang='lat' dir='ltr'><strong>audio,</strong></span> <span class='ocrx_word' id='word_1_48' title='bbox 849 726 1058 767; x_wconf 84' lang='lat' dir='ltr'><strong>custoditur,</strong></span> <span class='ocrx_word' id='word_1_49' title='bbox 1086 731 1122 761; x_wconf 91' lang='lat' dir='ltr'><strong>et</strong></span> <span class='ocrx_word' id='word_1_50' title='bbox 1150 727 1254 771; x_wconf 88' lang='lat' dir='ltr'><strong>plura</strong></span> <span class='ocrx_word' id='word_1_51' title='bbox 1282 728 1321 761; x_wconf 94' lang='lat' dir='ltr'><strong>in</strong></span> <span class='ocrx_word' id='word_1_52' title='bbox 1346 729 1476 764; x_wconf 87' lang='lat' dir='ltr'><strong>tabulis</strong></span> <span class='ocrx_word' id='word_1_53' title='bbox 1502 729 1659 775; x_wconf 88' lang='lat' dir='ltr'><strong>ejusdem</strong></span> <span class='ocrx_word' id='word_1_54' title='bbox 1685 741 1737 764; x_wconf 89' lang='lat' dir='ltr'><strong>ec-</strong></span> 
     </span>
     <span class='ocr_line' id='line_1_8' title="bbox 545 782 1346 828; baseline 0.005 -12"><span class='ocrx_word' id='word_1_55' title='bbox 545 782 684 828; x_wconf 88' lang='lat' dir='ltr'><strong>clesiae)</strong></span> <span class='ocrx_word' id='word_1_56' title='bbox 1240 785 1301 820; x_wconf 88' lang='lat' dir='ltr'><strong>lib.</strong></span> <span class='ocrx_word' id='word_1_57' title='bbox 1321 795 1346 820; x_wconf 88' lang='lat'><strong>1.</strong></span> 
     </span>
    </p>
   </div>
   <div class='ocr_carea' id='block_1_4' title="bbox 398 838 774 875">
    <p class='ocr_par' dir='ltr' id='par_1_6' title="bbox 398 838 774 875">
     <span class='ocr_line' id='line_1_9' title="bbox 398 838 774 875; baseline 0.005 -2"><span class='ocrx_word' id='word_1_58' title='bbox 398 838 554 874; x_wconf 83' lang='lat' dir='ltr'><strong>Vivebat</strong></span> <span class='ocrx_word' id='word_1_59' title='bbox 570 851 664 875; x_wconf 91' lang='lat' dir='ltr'><strong>anno</strong></span> <span class='ocrx_word' id='word_1_60' title='bbox 682 849 774 875; x_wconf 84' lang='lat' dir='ltr'><strong>DCL.</strong></span> 
     </span>
    </p>
   </div>
   <div class='ocr_carea' id='block_1_5' title="bbox 870 939 1233 976">
    <p class='ocr_par' dir='ltr' id='par_1_7' title="bbox 870 939 1233 976">
     <span class='ocr_line' id='line_1_10' title="bbox 870 939 1233 976; baseline 0.008 -3"><span class='ocrx_word' id='word_1_61' title='bbox 870 939 906 974; x_wconf 89' lang='lat' dir='ltr'><strong>S.</strong></span> <span class='ocrx_word' id='word_1_62' title='bbox 934 939 1097 976; x_wconf 91' lang='lat' dir='ltr'><strong>GAIUS.</strong></span> <span class='ocrx_word' id='word_1_63' title='bbox 1150 940 1233 976; x_wconf 87' lang='lat'><em>566.</em></span> 
     </span>
    </p>
   </div>
   <div class='ocr_carea' id='block_1_6' title="bbox 349 1013 1748 1751">
    <p class='ocr_par' dir='ltr' id='par_1_8' title="bbox 349 1013 1748 1751">
     <span class='ocr_line' id='line_1_11' title="bbox 350 1013 1740 1063; baseline 0.003 -16"><span class='ocrx_word' id='word_1_64' title='bbox 350 1013 385 1048; x_wconf 87' lang='lat' dir='ltr'><strong>S.</strong></span> <span class='ocrx_word' id='word_1_65' title='bbox 406 1013 534 1048; x_wconf 85' lang='lat' dir='ltr'><strong>GAIUS</strong></span> <span class='ocrx_word' id='word_1_66' title='bbox 552 1025 573 1048; x_wconf 89' lang='lat' dir='ltr'><strong>a</strong></span> <span class='ocrx_word' id='word_1_67' title='bbox 592 1013 739 1048; x_wconf 86' lang='lat' dir='ltr'><strong>Gadano</strong></span> <span class='ocrx_word' id='word_1_68' title='bbox 757 1014 943 1049; x_wconf 88' lang='lat' dir='ltr'><strong>Danorum</strong></span> <span class='ocrx_word' id='word_1_69' title='bbox 960 1027 1053 1062; x_wconf 87' lang='lat' dir='ltr'><strong>rege,</strong></span> <span class='ocrx_word' id='word_1_70' title='bbox 1073 1016 1258 1051; x_wconf 87' lang='lat' dir='ltr'><strong>Pictorum</strong></span> <span class='ocrx_word' id='word_1_71' title='bbox 1276 1017 1426 1063; x_wconf 83' lang='lat' dir='ltr'><strong>injurias</strong></span> <span class='ocrx_word' id='word_1_72' title='bbox 1444 1017 1645 1058; x_wconf 89' lang='lat' dir='ltr'><strong>ulciscente,</strong></span> <span class='ocrx_word' id='word_1_73' title='bbox 1656 1028 1740 1051; x_wconf 80' lang='lat' dir='ltr'><strong>cum</strong></span> 
     </span>
     <span class='ocr_line' id='line_1_12' title="bbox 350 1072 1741 1119; baseline 0.003 -14"><span class='ocrx_word' id='word_1_74' title='bbox 350 1083 540 1106; x_wconf 87' lang='lat' dir='ltr'><strong>numeroso</strong></span> <span class='ocrx_word' id='word_1_75' title='bbox 558 1072 716 1106; x_wconf 85' lang='lat' dir='ltr'><strong>exercitu</strong></span> <span class='ocrx_word' id='word_1_76' title='bbox 740 1072 895 1107; x_wconf 87' lang='lat' dir='ltr'><strong>Scotiam</strong></span> <span class='ocrx_word' id='word_1_77' title='bbox 918 1074 1154 1118; x_wconf 84' lang='lat' dir='ltr'><strong>depopulante</strong></span> <span class='ocrx_word' id='word_1_78' title='bbox 1179 1074 1224 1109; x_wconf 93' lang='lat' dir='ltr'><strong>ob</strong></span> <span class='ocrx_word' id='word_1_79' title='bbox 1251 1074 1331 1108; x_wconf 92' lang='lat' dir='ltr'><strong>fidei</strong></span> <span class='ocrx_word' id='word_1_80' title='bbox 1359 1074 1583 1109; x_wconf 85' lang='lat' dir='ltr'><strong>Christianae</strong></span> <span class='ocrx_word' id='word_1_81' title='bbox 1610 1075 1741 1119; x_wconf 78' lang='lat' dir='ltr'><strong>profes-</strong></span> 
     </span>
     <span class='ocr_line' id='line_1_13' title="bbox 350 1130 1740 1178; baseline 0.003 -15"><span class='ocrx_word' id='word_1_82' title='bbox 350 1131 497 1170; x_wconf 88' lang='lat' dir='ltr'><strong>sionem,</strong></span> <span class='ocrx_word' id='word_1_83' title='bbox 517 1141 598 1163; x_wconf 90' lang='lat' dir='ltr'><strong>cum</strong></span> <span class='ocrx_word' id='word_1_84' title='bbox 616 1130 654 1163; x_wconf 90' lang='lat' dir='ltr'><strong>in</strong></span> <span class='ocrx_word' id='word_1_85' title='bbox 671 1130 826 1164; x_wconf 90' lang='lat' dir='ltr'><strong>insulam</strong></span> <span class='ocrx_word' id='word_1_86' title='bbox 845 1130 981 1165; x_wconf 90' lang='lat' dir='ltr'><strong>Maiam</strong></span> <span class='ocrx_word' id='word_1_87' title='bbox 998 1131 1160 1178; x_wconf 90' lang='lat' dir='ltr'><strong>fugisset,</strong></span> <span class='ocrx_word' id='word_1_88' title='bbox 1179 1143 1278 1166; x_wconf 88' lang='lat' dir='ltr'><strong>sacro</strong></span> <span class='ocrx_word' id='word_1_89' title='bbox 1295 1134 1371 1167; x_wconf 91' lang='lat' dir='ltr'><strong>loco</strong></span> <span class='ocrx_word' id='word_1_90' title='bbox 1388 1133 1532 1167; x_wconf 87' lang='lat' dir='ltr'><strong>incenso</strong></span> <span class='ocrx_word' id='word_1_91' title='bbox 1551 1137 1740 1173; x_wconf 87' lang='lat' dir='ltr'><strong>extractus,</strong></span> 
     </span>
     <span class='ocr_line' id='line_1_14' title="bbox 349 1187 1742 1235; baseline 0.002 -14"><span class='ocrx_word' id='word_1_92' title='bbox 349 1193 384 1222; x_wconf 89' lang='lat' dir='ltr'><strong>et</strong></span> <span class='ocrx_word' id='word_1_93' title='bbox 402 1188 489 1222; x_wconf 90' lang='lat' dir='ltr'><strong>diris</strong></span> <span class='ocrx_word' id='word_1_94' title='bbox 507 1198 572 1232; x_wconf 90' lang='lat' dir='ltr'><strong>pro</strong></span> <span class='ocrx_word' id='word_1_95' title='bbox 591 1187 727 1222; x_wconf 85' lang='lat' dir='ltr'><strong>Christi</strong></span> <span class='ocrx_word' id='word_1_96' title='bbox 751 1199 858 1222; x_wconf 88' lang='lat' dir='ltr'><strong>causa</strong></span> <span class='ocrx_word' id='word_1_97' title='bbox 874 1189 997 1233; x_wconf 87' lang='lat' dir='ltr'><strong>poenis</strong></span> <span class='ocrx_word' id='word_1_98' title='bbox 1015 1190 1205 1231; x_wconf 86' lang='lat' dir='ltr'><strong>cruciatus,</strong></span> <span class='ocrx_word' id='word_1_99' title='bbox 1233 1190 1488 1235; x_wconf 87' lang='lat' dir='ltr'><strong>temporariam</strong></span> <span class='ocrx_word' id='word_1_100' title='bbox 1513 1190 1605 1224; x_wconf 89' lang='lat' dir='ltr'><strong>hanc</strong></span> <span class='ocrx_word' id='word_1_101' title='bbox 1630 1190 1742 1225; x_wconf 87' lang='lat' dir='ltr'><strong>vitam</strong></span> 
     </span>
     <span class='ocr_line' id='line_1_15' title="bbox 350 1246 1742 1294; baseline 0.002 -15"><span class='ocrx_word' id='word_1_102' title='bbox 350 1249 494 1280; x_wconf 86' lang='lat' dir='ltr'><strong>aeterna</strong></span> <span class='ocrx_word' id='word_1_103' title='bbox 510 1246 630 1290; x_wconf 89' lang='lat' dir='ltr'><strong>quiete</strong></span> <span class='ocrx_word' id='word_1_104' title='bbox 647 1246 878 1290; x_wconf 86' lang='lat' dir='ltr'><strong>permutavit,</strong></span> <span class='ocrx_word' id='word_1_105' title='bbox 897 1247 1013 1281; x_wconf 87' lang='lat' dir='ltr'><strong>cultus</strong></span> <span class='ocrx_word' id='word_1_106' title='bbox 1037 1247 1304 1294; x_wconf 86' lang='lat' dir='ltr'><strong>religiosissima</strong></span> <span class='ocrx_word' id='word_1_107' title='bbox 1329 1247 1599 1282; x_wconf 84' lang='lat' dir='ltr'><strong>deveneratione</strong></span> <span class='ocrx_word' id='word_1_108' title='bbox 1625 1248 1663 1281; x_wconf 92' lang='lat' dir='ltr'><strong>in</strong></span> <span class='ocrx_word' id='word_1_109' title='bbox 1690 1248 1742 1282; x_wconf 92' lang='lat' dir='ltr'><strong>in-</strong></span> 
     </span>
     <span class='ocr_line' id='line_1_16' title="bbox 349 1304 1741 1350; baseline 0.002 -13"><span class='ocrx_word' id='word_1_110' title='bbox 349 1304 428 1337; x_wconf 85' lang='lat' dir='ltr'><strong>sula</strong></span> <span class='ocrx_word' id='word_1_111' title='bbox 457 1304 590 1344; x_wconf 88' lang='lat' dir='ltr'><strong>eadem,</strong></span> <span class='ocrx_word' id='word_1_112' title='bbox 621 1314 662 1337; x_wconf 87' lang='lat' dir='ltr'><strong>ac</strong></span> <span class='ocrx_word' id='word_1_113' title='bbox 690 1304 945 1338; x_wconf 85' lang='lat' dir='ltr'><strong>miraculorum</strong></span> <span class='ocrx_word' id='word_1_114' title='bbox 974 1305 1090 1350; x_wconf 88' lang='lat' dir='ltr'><strong>gloria</strong></span> <span class='ocrx_word' id='word_1_115' title='bbox 1115 1305 1322 1340; x_wconf 87' lang='lat' dir='ltr'><strong>celebratus.</strong></span> <span class='ocrx_word' id='word_1_116' title='bbox 1377 1305 1427 1340; x_wconf 93' lang='lat' dir='ltr'><strong>H.</strong></span> <span class='ocrx_word' id='word_1_117' title='bbox 1457 1305 1584 1340; x_wconf 87' lang='lat' dir='ltr'><strong>Boeth.</strong></span> <span class='ocrx_word' id='word_1_118' title='bbox 1612 1305 1672 1340; x_wconf 87' lang='lat' dir='ltr'><strong>lib.</strong></span> <span class='ocrx_word' id='word_1_119' title='bbox 1702 1315 1741 1339; x_wconf 81' lang='lat' dir='ltr'><strong>x.</strong></span> 
     </span>
     <span class='ocr_line' id='line_1_17' title="bbox 351 1360 1033 1407; baseline 0.001 -12"><span class='ocrx_word' id='word_1_120' title='bbox 351 1361 490 1395; x_wconf 83' lang='lat' dir='ltr'><strong>Histor.</strong></span> <span class='ocrx_word' id='word_1_121' title='bbox 509 1360 603 1395; x_wconf 86' lang='lat' dir='ltr'><strong>Scot.</strong></span> <span class='ocrx_word' id='word_1_122' title='bbox 622 1373 704 1407; x_wconf 87' lang='lat' dir='ltr'><strong>pag.</strong></span> <span class='ocrx_word' id='word_1_123' title='bbox 725 1370 830 1395; x_wconf 82' lang='lat' dir='ltr'>CCVI.</span> <span class='ocrx_word' id='word_1_124' title='bbox 883 1362 1033 1407; x_wconf 87' lang='lat' dir='ltr'><strong>Scripsit</strong></span> 
     </span>
     <span class='ocr_line' id='line_1_18' title="bbox 499 1418 1748 1464; baseline 0.001 -11"><span class='ocrx_word' id='word_1_125' title='bbox 499 1418 696 1453; x_wconf 89' lang='lat' dir='ltr'><strong>Conciones</strong></span> <span class='ocrx_word' id='word_1_126' title='bbox 882 1419 943 1454; x_wconf 88' lang='lat' dir='ltr'><strong>lib.</strong></span> <span class='ocrx_word' id='word_1_127' title='bbox 964 1429 989 1453; x_wconf 94' lang='lat'><strong>1.</strong></span> <span class='ocrx_word' id='word_1_128' title='bbox 1016 1431 1108 1464; x_wconf 89' lang='lat' dir='ltr'><strong>quae</strong></span> <span class='ocrx_word' id='word_1_129' title='bbox 1124 1431 1247 1454; x_wconf 86' lang='lat' dir='ltr'><strong>everso</strong></span> <span class='ocrx_word' id='word_1_130' title='bbox 1264 1430 1363 1454; x_wconf 87' lang='lat' dir='ltr'><strong>sacro</strong></span> <span class='ocrx_word' id='word_1_131' title='bbox 1381 1420 1442 1454; x_wconf 91' lang='lat' dir='ltr'><strong>illo</strong></span> <span class='ocrx_word' id='word_1_132' title='bbox 1458 1420 1498 1454; x_wconf 90' lang='lat' dir='ltr'><strong>in</strong></span> <span class='ocrx_word' id='word_1_133' title='bbox 1515 1419 1614 1454; x_wconf 92' lang='lat' dir='ltr'><strong>Maia</strong></span> <span class='ocrx_word' id='word_1_134' title='bbox 1630 1420 1748 1454; x_wconf 89' lang='lat' dir='ltr'><strong>insula</strong></span> 
     </span>
     <span class='ocr_line' id='line_1_19' title="bbox 549 1476 1746 1522; baseline 0.001 -12"><span class='ocrx_word' id='word_1_135' title='bbox 549 1476 717 1510; x_wconf 91' lang='lat' dir='ltr'><strong>coenobio</strong></span> <span class='ocrx_word' id='word_1_136' title='bbox 735 1476 780 1510; x_wconf 90' lang='lat' dir='ltr'><strong>ab</strong></span> <span class='ocrx_word' id='word_1_137' title='bbox 801 1476 989 1511; x_wconf 88' lang='lat' dir='ltr'><strong>haereticis</strong></span> <span class='ocrx_word' id='word_1_138' title='bbox 1013 1481 1231 1522; x_wconf 87' lang='lat' dir='ltr'><strong>supererant,</strong></span> <span class='ocrx_word' id='word_1_139' title='bbox 1257 1487 1352 1511; x_wconf 91' lang='lat' dir='ltr'><strong>nunc</strong></span> <span class='ocrx_word' id='word_1_140' title='bbox 1378 1481 1496 1511; x_wconf 89' lang='lat' dir='ltr'><strong>autem</strong></span> <span class='ocrx_word' id='word_1_141' title='bbox 1520 1488 1601 1511; x_wconf 89' lang='lat' dir='ltr'><strong>cum</strong></span> <span class='ocrx_word' id='word_1_142' title='bbox 1624 1477 1746 1512; x_wconf 89' lang='lat' dir='ltr'><strong>multis</strong></span> 
     </span>
     <span class='ocr_line' id='line_1_20' title="bbox 549 1534 1748 1580; baseline 0.001 -13"><span class='ocrx_word' id='word_1_143' title='bbox 549 1534 630 1568; x_wconf 89' lang='lat' dir='ltr'><strong>aliis</strong></span> <span class='ocrx_word' id='word_1_144' title='bbox 647 1534 790 1578; x_wconf 85' lang='lat' dir='ltr'><strong>piorum</strong></span> <span class='ocrx_word' id='word_1_145' title='bbox 814 1534 1040 1580; x_wconf 86' lang='lat' dir='ltr'><strong>ingeniorum</strong></span> <span class='ocrx_word' id='word_1_146' title='bbox 1067 1534 1307 1569; x_wconf 91' lang='lat' dir='ltr'><strong>monumentis</strong></span> <span class='ocrx_word' id='word_1_147' title='bbox 1333 1534 1435 1569; x_wconf 86' lang='lat' dir='ltr'><strong>ferali</strong></span> <span class='ocrx_word' id='word_1_148' title='bbox 1461 1534 1605 1569; x_wconf 83' lang='lat' dir='ltr'><strong>Knoxio</strong></span> <span class='ocrx_word' id='word_1_149' title='bbox 1630 1535 1748 1569; x_wconf 90' lang='lat' dir='ltr'><strong>incen-</strong></span> 
     </span>
     <span class='ocr_line' id='line_1_21' title="bbox 549 1592 830 1626; baseline 0.007 -2"><span class='ocrx_word' id='word_1_150' title='bbox 549 1592 655 1625; x_wconf 88' lang='lat' dir='ltr'><strong>dente</strong></span> <span class='ocrx_word' id='word_1_151' title='bbox 673 1596 830 1626; x_wconf 85' lang='lat' dir='ltr'><strong>exustae.</strong></span> 
     </span>
     <span class='ocr_line' id='line_1_22' title="bbox 402 1646 1746 1693; baseline -0.001 -9"><span class='ocrx_word' id='word_1_152' title='bbox 402 1650 534 1684; x_wconf 86' lang='lat' dir='ltr'><strong>Passus</strong></span> <span class='ocrx_word' id='word_1_153' title='bbox 546 1653 600 1683; x_wconf 90' lang='lat' dir='ltr'><strong>est</strong></span> <span class='ocrx_word' id='word_1_154' title='bbox 611 1660 705 1682; x_wconf 90' lang='lat' dir='ltr'><strong>anno</strong></span> <span class='ocrx_word' id='word_1_155' title='bbox 718 1657 820 1682; x_wconf 77' lang='lat' dir='ltr'><strong>Dece</strong></span> <span class='ocrx_word' id='word_1_156' title='bbox 826 1658 971 1683; x_wconf 84' lang='lat' dir='ltr'><strong>LXXIV.</strong></span> <span class='ocrx_word' id='word_1_157' title='bbox 990 1648 1083 1683; x_wconf 90' lang='lat' dir='ltr'><strong>Vide</strong></span> <span class='ocrx_word' id='word_1_158' title='bbox 1096 1649 1156 1683; x_wconf 92' lang='lat' dir='ltr'><strong>lib.</strong></span> <span class='ocrx_word' id='word_1_159' title='bbox 1172 1658 1197 1682; x_wconf 79' lang='lat'><strong>1.</strong></span> <span class='ocrx_word' id='word_1_160' title='bbox 1212 1659 1320 1693; x_wconf 89' lang='lat' dir='ltr'><strong>supra</strong></span> <span class='ocrx_word' id='word_1_161' title='bbox 1334 1648 1400 1682; x_wconf 92' lang='lat' dir='ltr'><strong>hoc</strong></span> <span class='ocrx_word' id='word_1_162' title='bbox 1414 1659 1517 1693; x_wconf 87' lang='lat' dir='ltr'><strong>opere</strong></span> <span class='ocrx_word' id='word_1_163' title='bbox 1528 1649 1566 1683; x_wconf 89' lang='lat' dir='ltr'><strong>in</strong></span> <span class='ocrx_word' id='word_1_164' title='bbox 1578 1646 1616 1682; x_wconf 88' lang='lat' dir='ltr'><strong>S.</strong></span> <span class='ocrx_word' id='word_1_165' title='bbox 1630 1647 1746 1683; x_wconf 79' lang='lat' dir='ltr'><strong>Adri-</strong></span> 
     </span>
     <span class='ocr_line' id='line_1_23' title="bbox 353 1706 1022 1751; baseline -0.003 -9"><span class='ocrx_word' id='word_1_166' title='bbox 353 1717 434 1747; x_wconf 77' lang='lat' dir='ltr'><strong>ano,</strong></span> <span class='ocrx_word' id='word_1_167' title='bbox 452 1711 530 1741; x_wconf 89' lang='lat' dir='ltr'><strong>erat</strong></span> <span class='ocrx_word' id='word_1_168' title='bbox 548 1706 643 1740; x_wconf 91' lang='lat' dir='ltr'><strong>enim</strong></span> <span class='ocrx_word' id='word_1_169' title='bbox 660 1706 693 1739; x_wconf 90' lang='lat' dir='ltr'><strong>ei</strong></span> <span class='ocrx_word' id='word_1_170' title='bbox 711 1717 828 1740; x_wconf 86' lang='lat' dir='ltr'><strong>comes</strong></span> <span class='ocrx_word' id='word_1_171' title='bbox 845 1706 1022 1751; x_wconf 91' lang='lat' dir='ltr'><strong>martyrii.</strong></span> 
     </span>
    </p>
   </div>
   <div class='ocr_carea' id='block_1_7' title="bbox 799 1804 1307 1844">
    <p class='ocr_par' dir='ltr' id='par_1_9' title="bbox 799 1804 1307 1844">
     <span class='ocr_line' id='line_1_24' title="bbox 799 1804 1307 1844; baseline 0.002 -5"><span class='ocrx_word' id='word_1_172' title='bbox 799 1805 835 1839; x_wconf 88' lang='lat' dir='ltr'><strong>S.</strong></span> <span class='ocrx_word' id='word_1_173' title='bbox 864 1804 1172 1840; x_wconf 90' lang='lat' dir='ltr'><strong>GLODIANUS.</strong></span> <span class='ocrx_word' id='word_1_174' title='bbox 1225 1804 1307 1844; x_wconf 82' lang='lat'><strong>567.</strong></span> 
     </span>
    </p>
   </div>
   <div class='ocr_carea' id='block_1_8' title="bbox 354 1879 1747 2099">
    <p class='ocr_par' dir='ltr' id='par_1_10' title="bbox 354 1879 1747 2099">
     <span class='ocr_line' id='line_1_25' title="bbox 354 1879 1746 1926; baseline 0.001 -12"><span class='ocrx_word' id='word_1_175' title='bbox 354 1881 390 1915; x_wconf 88' lang='lat' dir='ltr'><strong>S.</strong></span> <span class='ocrx_word' id='word_1_176' title='bbox 413 1880 671 1920; x_wconf 80' lang='lat' dir='ltr'>GLODIANUS‚</span> <span class='ocrx_word' id='word_1_177' title='bbox 691 1879 851 1925; x_wconf 89' lang='lat' dir='ltr'><strong>ejusdem</strong></span> <span class='ocrx_word' id='word_1_178' title='bbox 870 1879 1112 1924; x_wconf 86' lang='lat' dir='ltr'><strong>professionis,</strong></span> <span class='ocrx_word' id='word_1_179' title='bbox 1138 1879 1256 1926; x_wconf 89' lang='lat' dir='ltr'><strong>fugae,</strong></span> <span class='ocrx_word' id='word_1_180' title='bbox 1281 1881 1412 1921; x_wconf 89' lang='lat' dir='ltr'><strong>meriti,</strong></span> <span class='ocrx_word' id='word_1_181' title='bbox 1437 1880 1671 1925; x_wconf 88' lang='lat' dir='ltr'><strong>martyriique</strong></span> <span class='ocrx_word' id='word_1_182' title='bbox 1692 1892 1746 1915; x_wconf 89' lang='lat' dir='ltr'><strong>so-</strong></span> 
     </span>
     <span class='ocr_line' id='line_1_26' title="bbox 354 1935 1747 1973; baseline -0.001 0"><span class='ocrx_word' id='word_1_183' title='bbox 354 1940 439 1973; x_wconf 84' lang='lat' dir='ltr'><strong>cius.</strong></span> <span class='ocrx_word' id='word_1_184' title='bbox 475 1937 569 1972; x_wconf 92' lang='lat' dir='ltr'><strong>Vide</strong></span> <span class='ocrx_word' id='word_1_185' title='bbox 582 1938 643 1972; x_wconf 90' lang='lat' dir='ltr'><strong>lib.</strong></span> <span class='ocrx_word' id='word_1_186' title='bbox 660 1946 685 1971; x_wconf 88' lang='lat'><strong>1.</strong></span> <span class='ocrx_word' id='word_1_187' title='bbox 704 1937 741 1971; x_wconf 92' lang='lat' dir='ltr'><strong>in</strong></span> <span class='ocrx_word' id='word_1_188' title='bbox 755 1935 928 1971; x_wconf 84' lang='lat' dir='ltr'><strong>Adriano</strong></span> <span class='ocrx_word' id='word_1_189' title='bbox 939 1937 1047 1971; x_wconf 87' lang='lat' dir='ltr'><strong>verba</strong></span> <span class='ocrx_word' id='word_1_190' title='bbox 1062 1937 1110 1971; x_wconf 91' lang='lat' dir='ltr'><strong>H.</strong></span> <span class='ocrx_word' id='word_1_191' title='bbox 1123 1937 1278 1972; x_wconf 88' lang='lat' dir='ltr'><strong>Boethii.</strong></span> <span class='ocrx_word' id='word_1_192' title='bbox 1318 1938 1509 1973; x_wconf 88' lang='lat' dir='ltr'><strong>Communi</strong></span> <span class='ocrx_word' id='word_1_193' title='bbox 1522 1938 1629 1972; x_wconf 91' lang='lat' dir='ltr'><strong>etiam</strong></span> <span class='ocrx_word' id='word_1_194' title='bbox 1643 1939 1747 1972; x_wconf 90' lang='lat' dir='ltr'><strong>devo-</strong></span> 
     </span>
     <span class='ocr_line' id='line_1_27' title="bbox 354 1994 1747 2041; baseline 0 -11"><span class='ocrx_word' id='word_1_195' title='bbox 354 1997 450 2031; x_wconf 89' lang='lat' dir='ltr'><strong>tione</strong></span> <span class='ocrx_word' id='word_1_196' title='bbox 468 2008 489 2030; x_wconf 93' lang='lat' dir='ltr'><strong>a</strong></span> <span class='ocrx_word' id='word_1_197' title='bbox 507 1996 634 2030; x_wconf 87' lang='lat' dir='ltr'><strong>vicinis</strong></span> <span class='ocrx_word' id='word_1_198' title='bbox 653 1995 820 2041; x_wconf 88' lang='lat' dir='ltr'><strong>gentibus</strong></span> <span class='ocrx_word' id='word_1_199' title='bbox 843 1994 1147 2040; x_wconf 86' lang='lat' dir='ltr'><strong>frequentabatur.</strong></span> <span class='ocrx_word' id='word_1_200' title='bbox 1199 1994 1338 2031; x_wconf 88' lang='lat' dir='ltr'><strong>Auctor</strong></span> <span class='ocrx_word' id='word_1_201' title='bbox 1360 2006 1560 2041; x_wconf 84' lang='lat' dir='ltr'><strong>anonymus</strong></span> <span class='ocrx_word' id='word_1_202' title='bbox 1576 1996 1620 2030; x_wconf 88' lang='lat' dir='ltr'><strong>de</strong></span> <span class='ocrx_word' id='word_1_203' title='bbox 1642 1995 1747 2030; x_wconf 90' lang='lat' dir='ltr'><strong>Anti-</strong></span> 
     </span>
     <span class='ocr_line' id='line_1_28' title="bbox 355 2052 1396 2099; baseline 0 -11"><span class='ocrx_word' id='word_1_204' title='bbox 355 2055 492 2099; x_wconf 88' lang='lat' dir='ltr'><strong>quitate</strong></span> <span class='ocrx_word' id='word_1_205' title='bbox 512 2053 692 2088; x_wconf 88' lang='lat' dir='ltr'><strong>Ecclesiae</strong></span> <span class='ocrx_word' id='word_1_206' title='bbox 711 2052 879 2087; x_wconf 88' lang='lat' dir='ltr'><strong>Scoticae.</strong></span> <span class='ocrx_word' id='word_1_207' title='bbox 933 2052 1026 2098; x_wconf 89' lang='lat' dir='ltr'><strong>Ejus</strong></span> <span class='ocrx_word' id='word_1_208' title='bbox 1042 2052 1197 2087; x_wconf 87' lang='lat' dir='ltr'><strong>refertur</strong></span> <span class='ocrx_word' id='word_1_209' title='bbox 1214 2054 1396 2098; x_wconf 87' lang='lat' dir='ltr'><strong>scriptum,</strong></span> 
     </span>
    </p>
   </div>
   <div class='ocr_carea' id='block_1_9' title="bbox 406 2110 1645 2204">
    <p class='ocr_par' dir='ltr' id='par_1_11' title="bbox 406 2110 1645 2204">
     <span class='ocr_line' id='line_1_29' title="bbox 503 2110 1645 2156; baseline 0 -11"><span class='ocrx_word' id='word_1_210' title='bbox 503 2111 687 2146; x_wconf 90' lang='lat' dir='ltr'><strong>Pictorum</strong></span> <span class='ocrx_word' id='word_1_211' title='bbox 706 2111 910 2145; x_wconf 91' lang='lat' dir='ltr'><strong>Chronicon</strong></span> <span class='ocrx_word' id='word_1_212' title='bbox 1010 2110 1069 2145; x_wconf 87' lang='lat' dir='ltr'><strong>lib.</strong></span> <span class='ocrx_word' id='word_1_213' title='bbox 1091 2120 1116 2144; x_wconf 90' lang='lat'><strong>1.</strong></span> <span class='ocrx_word' id='word_1_214' title='bbox 1135 2112 1231 2156; x_wconf 87' lang='lat' dir='ltr'><strong>quod</strong></span> <span class='ocrx_word' id='word_1_215' title='bbox 1248 2111 1496 2146; x_wconf 90' lang='lat' dir='ltr'><strong>Veremundus</strong></span> <span class='ocrx_word' id='word_1_216' title='bbox 1513 2112 1645 2146; x_wconf 90' lang='lat' dir='ltr'><strong>laudat.</strong></span> 
     </span>
     <span class='ocr_line' id='line_1_30' title="bbox 406 2169 932 2204; baseline -0.004 -1"><span class='ocrx_word' id='word_1_217' title='bbox 406 2169 548 2204; x_wconf 87' lang='lat' dir='ltr'><strong>Floruit</strong></span> <span class='ocrx_word' id='word_1_218' title='bbox 566 2180 660 2203; x_wconf 89' lang='lat' dir='ltr'><strong>anno</strong></span> <span class='ocrx_word' id='word_1_219' title='bbox 680 2177 932 2203; x_wconf 79' lang='lat' dir='ltr'><strong>DCCCLXXIV.</strong></span> 
     </span>
    </p>
   </div>
   <div class='ocr_carea' id='block_1_10' title="bbox 794 2282 1316 2319">
    <p class='ocr_par' dir='ltr' id='par_1_12' title="bbox 794 2282 1316 2319">
     <span class='ocr_line' id='line_1_31' title="bbox 794 2282 1316 2319; baseline -0.004 0"><span class='ocrx_word' id='word_1_220' title='bbox 794 2284 830 2319; x_wconf 86' lang='lat' dir='ltr'><strong>S.</strong></span> <span class='ocrx_word' id='word_1_221' title='bbox 859 2283 1180 2319; x_wconf 90' lang='lat' dir='ltr'><strong>GUALTERUS.</strong></span> <span class='ocrx_word' id='word_1_222' title='bbox 1233 2282 1316 2318; x_wconf 87' lang='lat'><strong>568.</strong></span> 
     </span>
    </p>
   </div>
   <div class='ocr_carea' id='block_1_11' title="bbox 359 2380 1748 2501">
    <p class='ocr_par' dir='ltr' id='par_1_13' title="bbox 359 2380 1748 2501">
     <span class='ocr_line' id='line_1_32' title="bbox 359 2380 1748 2447; baseline 0 -11"><span class='ocrx_word' id='word_1_223' title='bbox 359 2403 395 2436; x_wconf 91' lang='lat' dir='ltr'><strong>S.</strong></span> <span class='ocrx_word' id='word_1_224' title='bbox 415 2380 418 2382; x_wconf 19' lang='lat'><em>⁴</em></span> <span class='ocrx_word' id='word_1_225' title='bbox 441 2401 705 2442; x_wconf 75' lang='lat' dir='ltr'><strong>GUALTERUS,</strong></span> <span class='ocrx_word' id='word_1_226' title='bbox 745 2400 897 2435; x_wconf 85' lang='lat' dir='ltr'><strong>Davidis</strong></span> <span class='ocrx_word' id='word_1_227' title='bbox 935 2401 1029 2447; x_wconf 91' lang='lat' dir='ltr'><strong>regis</strong></span> <span class='ocrx_word' id='word_1_228' title='bbox 1066 2400 1171 2441; x_wconf 85' lang='lat' dir='ltr'><strong>filius,</strong></span> <span class='ocrx_word' id='word_1_229' title='bbox 1210 2405 1413 2446; x_wconf 80' lang='lat' dir='ltr'><strong>contempto</strong></span> <span class='ocrx_word' id='word_1_230' title='bbox 1451 2402 1665 2446; x_wconf 85' lang='lat' dir='ltr'><strong>episcopatu,</strong></span> <span class='ocrx_word' id='word_1_231' title='bbox 1704 2402 1748 2436; x_wconf 92' lang='lat' dir='ltr'><strong>D.</strong></span> 
     </span>
     <span class='ocr_line' id='line_1_33' title="bbox 359 2458 1748 2501; baseline 0 -7"><span class='ocrx_word' id='word_1_232' title='bbox 359 2459 526 2494; x_wconf 90' lang='lat' dir='ltr'><strong>Andreae</strong></span> <span class='ocrx_word' id='word_1_233' title='bbox 568 2459 783 2494; x_wconf 85' lang='lat' dir='ltr'><strong>monachum</strong></span> <span class='ocrx_word' id='word_1_234' title='bbox 825 2458 955 2500; x_wconf 89' lang='lat' dir='ltr'><strong>induit,</strong></span> <span class='ocrx_word' id='word_1_235' title='bbox 1004 2462 1040 2493; x_wconf 90' lang='lat' dir='ltr'><strong>et</strong></span> <span class='ocrx_word' id='word_1_236' title='bbox 1082 2458 1189 2494; x_wconf 86' lang='lat' dir='ltr'><strong>abbas</strong></span> <span class='ocrx_word' id='word_1_237' title='bbox 1233 2458 1462 2494; x_wconf 86' lang='lat' dir='ltr'><strong>Melrosensis</strong></span> <span class='ocrx_word' id='word_1_238' title='bbox 1512 2459 1637 2501; x_wconf 87' lang='lat' dir='ltr'><strong>factus,</strong></span> <span class='ocrx_word' id='word_1_239' title='bbox 1688 2459 1748 2493; x_wconf 86' lang='lat' dir='ltr'><strong>SS:</strong></span> 
     </span>
    </p>
   </div>
  </div>
 </body>
</html>
