2032 2912
707 359 883 392 GENTlS
909 359 1185 398 SCOTORUM,
1211 359 1299 391 LIB.
1328 360 1383 391 VI.
1672 359 1734 391 275

494 454 635 488 Monita
653 455 823 488 salutaria
841 455 885 488 ad
905 454 1176 498 Ferquhardum
1195 454 1330 500 Regem
1429 454 1490 488 lib.
1510 463 1536 487 1.

398 510 653 556 Episcopatum
672 517 726 546 est
743 513 892 556 adeptus
910 510 1239 545 Lindisfarnensem
1258 523 1351 546 anno
1377 520 1484 546 Dcm.
1509 522 1590 546 cum
1614 516 1734 545 tamen

348 569 554 603 Matthaeus
572 569 970 603 westmonasteriensis·
984 580 1078 603 anno
1103 578 1195 602 DeL.
1220 580 1301 603 eum
1328 570 1531 614 episcopum
1555 570 1659 608 dicat,
1683 579 1734 602 re-

345 638 425 673 gem
445 625 774 660 Northumbrorum
793 625 956 660 Oswium
975 626 1184 671 baptizasse,
1202 632 1237 660 et
1255 627 1486 660 nihilominus
1504 627 1572 660 sibi
1596 630 1734 660 contra-

346 684 465 718 dicens
484 695 578 718 anno
597 693 708 717 DCLI.
736 684 821 717 haec
847 684 978 717 habet:
1006 688 1027 703 “
1044 683 1208 718 Aidanus
1235 684 1430 728 episcopus,
1457 684 1502 718 ab
1527 685 1592 718 hoc
1618 685 1734 718 seculo

347 742 520 782 sublatus,
549 748 721 786 perpetua
747 741 908 775 laborum
935 752 1081 775 suorum
1107 742 1265 785 praemia
1281 742 1434 786 recepit3
1462 742 1629 776 successit
1647 742 1678 775 ei
1697 742 1733 774 in

347 800 588 843 episcopatum
617 798 946 833 Lindisfarnensem
979 798 1151 839 Finanus,
1185 799 1329 833 natione
1361 799 1498 840 Scotus,
1534 800 1594 833 sed
1624 810 1734 843 parvo

348 862 506 901 tempore
535 857 573 890 in
599 857 805 901 episcopatu
833 856 1060 901 permansit.”
1121 856 1221 890 Obiit
1253 868 1345 890 anno
1373 866 1512 891 DCLXI.
1539 858 1625 901 quid
1652 868 1735 890 vero

347 919 428 959 post
453 915 653 959 depositum
680 915 921 959 episcopatum
947 915 1107 960 gesserit,
1134 926 1200 960 ego
1224 925 1295 948 nou
1319 914 1544 959 deprehendi.
1595 914 1735 949 Colitur

347 973 403 1006 die
422 981 507 1006 XVI.
527 973 699 1007 Februar.
755 972 914 1006 Breviar.
934 972 1027 1006 Scot.

805 1088 840 1122 S.
870 1088 1143 1123 FINTANUS.
1196 1090 1279 1126 507.

347 1205 382 1238 S.
404 1204 621 1238 FlNTANUs
641 1216 661 1238 a
678 1204 891 1248 quibusdam
910 1203 1105 1248 presbyter,
1134 1203 1179 1238 ab
1196 1205 1275 1238 aliis
1294 1204 1482 1244 confessor,
1508 1216 1529 1238 a
1554 1206 1733 1238 nonnullis

347 1263 544 1306 episcopus,
572 1262 759 1295 Breviario
777 1261 917 1295 Scotico
935 1261 1033 1305 prior
1050 1262 1267 1305 perhibetur.
1329 1262 1563 1308 Martyrolog.
1584 1263 1734 1296 Roman.

347 1320 404 1354 die
431 1328 534 1353 xvll.
561 1320 665 1353 Febr.
694 1323 715 1338 ⁶‘
742 1319 785 1353 In
814 1318 932 1352 Scotia
958 1318 993 1352 S.
1022 1318 1169 1352 Fintani
1195 1319 1404 1364 presbyteri,
1430 1325 1466 1353 et
1491 1319 1734 1353 confessoris?

350 1377 478 1411 Petrus
498 1377 701 1411 Gelasinius
719 1377 755 1410 in
780 1376 1042 1422 Martyrologio
1068 1377 1190 1410 eodem
1216 1377 1296 1410 die:
1324 1381 1344 1395 ‘⁶
1364 1376 1407 1410 In
1425 1377 1543 1411 Scotia
1561 1377 1596 1410 S.
1617 1377 1736 1411 Finta-

348 1435 385 1468 ni
403 1435 615 1479 presbyteri,
634 1440 669 1468 et
686 1433 909 1473 confessoris,
929 1433 1102 1478 singulari
1120 1434 1263 1477 pietate,
1277 1439 1313 1467 et
1327 1444 1457 1479 magna
1473 1434 1605 1467 virtute
1622 1435 1738 1468 clari.”

348 1493 476 1527 Franc.
497 1492 728 1535 Maurolycus
746 1490 855 1524 abbas
881 1490 967 1524 item
995 1491 1033 1523 in
1057 1490 1318 1537 Martyrologio
1344 1502 1385 1525 eo
1410 1491 1491 1526 die:
1519 1495 1540 1511 ‘⁶
1558 1491 1602 1525 In
1622 1490 1740 1525 Scotia

348 1551 385 1585 S.
405 1550 553 1584 Fintani
572 1549 740 1594 episcopi,
758 1559 909 1594 magnae
927 1548 1072 1582 virtutis
1087 1549 1189 1582 viri.'’
1227 1548 1364 1583 Eadem
1380 1548 1577 1590 Usuardus‚
1594 1549 1655 1594 qui
1670 1560 1739 1582 non

348 1610 393 1643 ad
411 1619 570 1648 manum,
588 1611 623 1641 et
642 1606 904 1652 Mai-tyrologia
924 1605 1028 1639 MSS.
1048 1617 1119 1640 non
1137 1611 1291 1640 exstant.

397 1665 540 1700 Floruit
556 1676 650 1699 anno
669 1672 864 1698 Deccxxl.
884 1664 941 1697 vel
959 1672 1244 1697 DCCCCLXXIII.
1295 1664 1459 1698 Breviar.
1481 1664 1605 1698 Scotic.

807 1777 844 1812 S.
872 1777 1145 1812 FINTENUS.
1198 1781 1282 1812 508.

347 1897 384 1932 S.
405 1894 635 1935 FiNTENUS,
662 1899 725 1929 aut
745 1894 935 1935 Fintanus,
961 1896 1094 1940 collega
1117 1895 1426 1941 peregrinationis,
1455 1906 1494 1929 ac
1511 1896 1625 1929 socius
1643 1907 1740 1930 sanc-

348 1955 463 1991 titatis
477 1954 523 1988 D.
538 1954 741 1988 Columbae.
787 1951 822 1986 S.
838 1952 1072 1986 Adamannus
1086 1951 1212 1987 Scotus
1227 1953 1264 1986 in
1279 1952 1366 1987 Vita
1384 1953 1459 1998 ejus
1478 1953 1537 1987 lib.
1556 1963 1580 1987 1.
1599 1965 1673 1998 cap.
1697 1963 1738 1987 11.
1787 1945 1789 1947 ¹

350 2019 372 2033 ‘⁶
398 2012 433 2046 S.
466 2012 654 2050 Fintenus,
684 2011 746 2055 qui
778 2015 900 2055 postea
928 2021 991 2054 per
1020 2011 1204 2044 universas
1235 2010 1420 2044 Scotorum
1450 2011 1610 2045 ecclesias
1639 2012 1739 2045 valde

348 2070 528 2105 noscibilis
545 2069 690 2102 habitus
709 2073 773 2108 est,
793 2079 814 2101 a
831 2068 959 2112 puerili
984 2072 1099 2102 aetate
1124 2068 1366 2114 integritatem
1393 2069 1508 2102 carnis
1534 2073 1569 2102 et
1591 2069 1739 2108 animae,

348 2129 426 2162 Deo
444 2128 652 2173 adevante‚
677 2126 891 2165 custodiens,
919 2126 1047 2159 studiis
1074 2126 1300 2159 dialecticalis
1327 2126 1472 2170 sophiae
1497 2126 1649 2165 deditus,
1676 2126 1741 2159 hoc

349 2185 572 2231 propositum
591 2184 629 2218 in
647 2184 749 2218 annis
764 2184 968 2229 juventutis
986 2188 1215 2217 conversatus
1239 2184 1276 2217 in
1303 2184 1405 2217 corde
1432 2183 1568 2222 habuit,
1594 2188 1637 2217 ut
1662 2194 1744 2217 nos-

350 2250 446 2278 trum
461 2242 497 2276 S.
514 2241 736 2281 columbam,
757 2241 969 2274 Hiberniam
982 2241 1156 2280 deserens,
1174 2242 1464 2287 peregrinaturus
1486 2241 1600 2275 adiret
1608 2241 1638 2281 ;”
1658 2252 1739 2275 nam

352 2301 539 2340 Fintenus‚
558 2304 663 2345 gente
681 2299 820 2339 Scotus,
838 2303 880 2332 ut
898 2299 1041 2332 annales
1066 2299 1180 2332 nostri
1206 2298 1349 2338 habent,
1376 2298 1569 2333 Columbae
1594 2299 1632 2332 in
1658 2299 1740 2332 Sco-

351 2360 439 2394 tiam
468 2358 624 2392 venienti
655 2369 692 2391 se
717 2356 853 2403 junxit.
907 2356 1090 2390 Recolitur
1117 2357 1194 2401 ejus
1227 2357 1395 2390 memoria
1422 2365 1507 2391 xv1.
1539 2356 1737 2391 Februarii.

352 2416 589 2461 Martyrolog.
617 2414 774 2449 Usuardi
791 2423 799 2447 τ
826 2419 847 2433 “
866 2413 910 2448 In
928 2413 1047 2447 Scotia
1064 2413 1100 2447 S.
1120 2412 1150 2446 F
1152 2413 1250 2447 inani
1269 2413 1481 2458 presbyteri,
1508 2417 1544 2447 et
1569 2412 1744 2446 confesso-

348 2475 408 2515 ris,
428 2484 577 2520 magnae
597 2473 740 2507 virtutis
759 2472 860 2513 viri,”
878 2471 948 2505 nisi
966 2471 1023 2505 hic
1041 2471 1131 2505 alius
1150 2470 1209 2511 sit,
1227 2475 1268 2505 ut
1287 2482 1395 2516 supra
1414 2475 1467 2505 est
1485 2471 1632 2505 dictum.
