2044 2992
428 819 862 876 HISTORIA
908 820 1596 877 ECCLESIASTICA

636 975 845 1024 GENT
852 975 915 1023 IS
947 975 1345 1026 SCOTORUM
1366 995 1375 1023 :

965 1151 1055 1176 SIVE

580 1276 664 1316 DE
705 1275 1170 1317 SCRIPTORJBUS
1210 1275 1432 1317 SCOTls

898 1626 1057 1662 LIBER
1082 1627 1111 1661 Ι.

838 1748 1070 1789 S.ABEL.
1132 1752 1165 1787 L

312 1862 354 1908 S.
377 1871 505 1911 ABEL,
529 1872 622 1906 inter
642 1871 830 1916 praecipua
848 1869 986 1904 Scotiae
1004 1879 1102 1903 meae
1125 1874 1335 1904 ornamenta
1359 1870 1553 1913 habendus,
1582 1873 1694 1909 Bene-

309 1928 464 1962 dictinus
482 1927 685 1966 monachus,
708 1925 744 1960 S.
768 1925 944 1960 Bonifacii
967 1925 1092 1966 socius,
1119 1929 1155 1959 et
1177 1926 1473 1971 peregrinationis
1498 1933 1534 1962 et
1557 1936 1694 1965 sancto-

308 1996 388 2019 rum
406 1995 470 2029 pro
487 1984 554 2018 fide
572 1984 666 2029 apud
685 1987 807 2030 gentes
826 1982 1052 2017 Germanicas
1070 1987 1106 2017 et
1123 1982 1276 2017 Gallicas
1299 1983 1510 2019 stabilienda
1533 1986 1694 2021 laborum

307 2042 493 2085 particeps,
524 2040 736 2075 Rhemensis
767 2039 1061 2084 archiepiscopus,
1090 2040 1265 2074 incertum
1299 2044 1426 2084 sponte
1456 2052 1501 2075 an
1531 2053 1695 2088 praecep-

307 2104 345 2131 to
378 2097 564 2141 pontificis,
601 2108 647 2131 an
681 2107 765 2130 vero
799 2097 993 2140 impotente
1026 2098 1195 2142 principis
1234 2098 1385 2144 alicujus
1423 2100 1557 2146 injuria
1594 2112 1694 2136 exac-

307 2160 376 2193 tus,
407 2154 523 2187 sedem
553 2154 707 2198 reliquit,
739 2158 780 2187 ut
810 2154 943 2199 majore
972 2165 1057 2189 cura
1086 2155 1331 2189 convertendis
1361 2155 1562 2192 infidelibus
1591 2169 1693 2193 vaca-

305 2217 371 2251 ret,
416 2214 452 2244 et
488 2210 571 2256 jure
612 2210 730 2256 Belgii
772 2210 1040 2256 vicinorumque
1082 2215 1261 2246 tractuum
1308 2214 1488 2256 apostolus
1530 2214 1691 2250 habetur.

308 2267 463 2302 Natione
493 2267 637 2302 Scotum
667 2275 704 2301 V.
737 2276 799 2302 eL.
831 2267 1005 2314 Georgius
1037 2268 1284 2309 Colvenereus,
1313 2269 1498 2316 theologus
1532 2271 1692 2307 Duacen-

307 2326 355 2358 sis
386 2324 621 2365 doctissimus,
661 2325 705 2358 ad
740 2324 929 2360 Fiodoardi
967 2324 1166 2359 Historiam
1204 2326 1355 2371 scripsit,
1395 2331 1430 2360 et
1466 2329 1692 2364 consentiunt

308 2386 467 2415 auctores
493 2381 564 2415 alii.
618 2381 751 2415 Molan.
779 2381 935 2416 Natalib.
962 2381 1024 2417 SS.
1049 2381 1179 2428 Belgii,
1202 2383 1264 2427 qui
1288 2394 1360 2417 non
1387 2383 1431 2418 ad
1457 2396 1624 2425 manum;
1658 2392 1693 2421 et

307 2450 349 2471 ex
385 2449 425 2472 eo
462 2437 718 2473 Constantinus
752 2437 904 2473 Ghinius
941 2438 1061 2474 Natal.
1093 2438 1154 2473 SS.
1191 2439 1450 2476 Canonicorum
1482 2452 1563 2488 pag.
1600 2452 1691 2477 LIII.

985 2504 1008 2529 Β
