2032 2912
335 315 376 346 86
712 307 945 341 HISTORIA
968 303 1344 339 ECCLESIASTICA

485 402 736 441 Commentarii
754 400 1019 435 Sententiarum
1272 398 1333 433 lib.
1354 406 1407 432 IV.

482 460 713 501 Quaestiones
730 457 930 493 ordinariae
1270 456 1331 490 lib.
1352 464 1377 491 1.

483 516 715 557 Quaestiones
733 516 776 549 de
794 515 935 549 Formis
1241 531 1244 534 ⁴
1273 514 1335 548 lib.
1356 523 1381 548 1.

478 575 652 608 Lecturae
669 572 905 607 Scholasticae
1271 571 1332 606 lib.
1353 579 1378 605 1.

480 631 594 676 Super
610 629 886 677 Astrologorum
903 629 1146 676 Prognosticis
1271 628 1331 664 lib.
1352 637 1377 663 1.

382 688 534 725 Vivebat
550 699 643 723 anno
662 695 843 722 MCCCXL.

725 858 750 893 J
752 858 895 894 OANN
897 858 959 893 Es
984 857 1197 893 BLARUS.
1250 860 1334 893 148.

332 976 355 1011 J
358 984 393 1010 o.
411 975 588 1014 BLARUS‚
606 973 719 1009 nobili
736 972 874 1007 familia
889 973 1088 1018 presbyter,
1110 972 1248 1007 Scotiae
1265 973 1311 1007 ab
1327 970 1503 1007 Eduardo
1519 971 1641 1019 Anglo
1669 979 1726 1020 ty.

330 1044 442 1068 ranno
459 1042 644 1077 oppressae
660 1031 839 1071 misertus,
857 1031 1029 1065 acerrimo
1046 1030 1124 1076 ejus
1142 1030 1275 1064 vindici
1293 1028 1472 1064 Gulielmo
1489 1029 1663 1066 Wallasio
1687 1042 1724 1065 se

326 1091 461 1137 junxit,
486 1090 588 1135 eique
613 1100 713 1123 sacra
739 1087 1019 1129 administravit,
1045 1087 1236 1134 cujuslibet
1265 1087 1432 1123 fortunae
1461 1099 1589 1129 comeS,
1619 1093 1655 1123 et
1684 1094 1726 1123 ut

331 1149 382 1183 ita
405 1157 524 1192 preces
550 1146 720 1191 concepit,
745 1149 788 1180 ut
812 1145 938 1180 bellica
961 1145 1119 1190 pericula
1142 1156 1217 1181 non
1240 1145 1395 1192 fugeret,
1421 1145 1474 1181 ita
1497 1146 1537 1180 in
1557 1146 1631 1180 acie
1649 1157 1726 1181 ver-

331 1205 486 1246 sabatur,
511 1208 553 1239 ut
578 1204 690 1239 bonae
716 1213 842 1238 causae
866 1202 964 1244 fisus,
990 1203 1178 1239 victoriam
1207 1203 1295 1239 adeo
1324 1214 1465 1249 semper
1493 1208 1724 1249 exspectaret.

330 1262 478 1309 Scripsit

475 1319 585 1355 Gesta
603 1318 759 1354 Guliemi
776 1318 914 1354 Wallas
1272 1317 1333 1354 lib.
1353 1327 1379 1353 1.

474 1376 528 1412 De
545 1377 693 1412 liberata
711 1376 919 1423 Tyrannide
936 1374 1055 1411 Scotia
1269 1376 1330 1411 lib.
1351 1385 1376 1410 1.

378 1435 515 1469 Claruit
532 1446 625 1470 anno
644 1443 767 1470 MCCC.

870 1606 1045 1642 BARDI.
1099 1609 1181 1646 149.

329 1723 464 1758 BARDI
490 1727 600 1764 vates,
622 1734 644 1757 a
662 1722 783 1757 Bardo
806 1723 1049 1757 vetustissimo
1073 1722 1258 1757 Celtarum
1280 1733 1375 1769 rege,
1399 1723 1501 1770 cujus
1524 1728 1603 1758 acta
1626 1726 1721 1769 apud

328 1781 546 1825 Stephanum
572 1780 817 1821 Forcatulum,
842 1779 1019 1814 Joannem
1045 1779 1238 1814 Picardum
1263 1779 1324 1814 lib.
1344 1789 1370 1814 1.
1398 1779 1656 1826 Celtopaediae‚
1686 1787 1720 1816 et

329 1838 427 1878 alios,
452 1838 491 1871 in
516 1837 635 1872 Scotia
659 1837 787 1872 celebri
810 1837 1022 1872 auctoritate
1045 1837 1108 1872 diu
1132 1838 1350 1878 claruerunt,
1372 1837 1455 1873 licet
1485 1838 1621 1875 Gallica
1652 1840 1722 1874 ori-

330 1896 422 1942 gine,
441 1900 482 1929 ut
500 1907 544 1929 ex
561 1894 707 1930 Lucano
725 1895 932 1937 Pharsaliae
955 1895 1016 1930 lib.
1036 1904 1062 1929 1.
1086 1895 1224 1941 liquet3
1251 1896 1468 1931 clarissimae
1490 1907 1575 1931 sane
1598 1898 1722 1932 etiam-

329 1963 415 1986 num
431 1953 535 1987 hodie
552 1964 593 1987 eo
611 1953 753 1987 nomine
771 1954 866 1998 apud
883 1957 1060 1988 nostrates
1077 1952 1246 1994 familiae,
1269 1958 1304 1988 et
1328 1954 1397 1988 viri
1420 1954 1581 2000 plerique
1604 1956 1720 1989 erudi-

329 2010 435 2044 tionis
452 2010 565 2056 gloria
581 2015 812 2055 praestantes.
865 2010 917 2044 Hi
934 2011 1109 2055 poeticam
1126 2010 1235 2055 primi
1253 2011 1471 2058 excogitasse
1487 2012 1718 2056 putabantur,

329 2071 363 2100 et
381 2068 418 2100 in
435 2066 587 2102 Scotiam
611 2067 809 2110 invexisse3
837 2067 1029 2103 Fordunus
1052 2072 1105 2103 est
1129 2072 1263 2109 auctor,
1286 2079 1351 2103 nec
1368 2069 1429 2103 alii
1447 2080 1518 2104 nou
1536 2070 1717 2104 dixerunt.

331 2123 553 2169 Scripserunt

474 2181 642 2217 Carmina
658 2183 757 2218 varia
1264 2183 1325 2219 lib.
1346 2193 1371 2218 1.

476 2238 636 2273 Heroum
652 2239 793 2275 Laudes
1262 2242 1323 2277 lib.
1344 2250 1369 2276 1.

475 2293 530 2329 De
547 2294 773 2332 Fortitudine
790 2297 914 2334 bellica
931 2298 1075 2335 Patriae
1095 2298 1248 2336 Caritati

525 2351 643 2387 debita
661 2353 856 2401 (Lucanus)
1267 2357 1327 2392 lib.
1348 2367 1373 2392 1.

382 2407 597 2444 Floruerunt
617 2420 726 2454 paene
743 2423 764 2445 a
785 2412 925 2447 condito
942 2424 1063 2460 regno.
