2032 2912
343 312 405 343 138
724 307 957 340 HISTORIA
981 306 1356 340 ECCLESIASTICA

344 417 450 451 quam
468 405 535 438 Dei
559 405 727 438 honorem
752 402 1014 443 ambientibus;
1047 402 1177 446 quibus
1205 402 1255 436 sic
1283 402 1388 436 anxie
1415 402 1672 445 laborantibus,
1701 411 1736 440 et

343 464 441 498 vario
456 463 654 496 animorum
667 466 767 494 motu
785 459 977 500 distractis,
992 460 1198 504 supervenit
1217 459 1251 494 S.
1272 459 1481 500 Malachias,
1500 465 1536 496 et
1552 462 1603 496 rei
1623 464 1735 497 totius

341 520 488 555 arbitrio
501 519 545 552 ad
559 530 595 552 se
609 518 725 551 delato
743 529 764 551 a
782 518 1089 558 contendentibus,
1109 517 1291 558 Carolum,
1311 518 1402 552 lecto
1421 529 1465 552 ex
1477 520 1581 565 gravi
1596 521 1734 555 valetu-

340 578 421 611 dine
438 575 714 614 decumbentem,
733 575 874 609 vacanti
899 574 1063 609 ecclesiae
1086 575 1267 620 praefecit,
1290 575 1352 620 qui
1375 576 1433 620 pie
1456 577 1543 611 adeo
1567 581 1603 611 et
1624 579 1735 612 conti-

339 638 463 668 nenter
480 645 516 667 se
533 632 655 678 gessit,
675 637 717 666 ut
735 631 798 666 SS.
818 633 979 678 catalogo
997 633 1150 667 adscribi
1168 632 1278 668 fuerit
1296 634 1457 668 meritus.
1511 634 1661 680 Scripsit

485 690 629 724 Statuta
647 690 692 723 ad
710 689 907 724 Ecclesiam
926 700 1028 723 suam
1326 691 1387 725 lib.
1409 701 1434 725 Ι.

483 748 598 792 Super
615 747 827 782 Sanctorum
847 747 1032 781 Miraculis
1328 749 1389 782 lib.
1410 758 1435 783 Ι.

483 806 666 851 Epistolas
685 806 730 839 ad
748 805 974 839 Bernardum
993 809 1028 839 et
1046 804 1263 839 Malachiam
1318 806 1388 840 .1ib.
1410 817 1434 841 1.

482 864 632 898 Decreta
651 863 868 909 Theologica
1330 864 1391 898 lib.
1411 873 1437 898 1.

385 923 523 958 Claruit
541 933 596 956 an.
624 930 693 955 MC.
746 920 782 954 S.
801 920 934 955 Davidi
953 920 1091 955 Scotiae
1108 921 1185 967 regi
1202 921 1320 955 fuerat
1338 933 1359 955 a
1377 922 1485 956 sacris
1504 922 1734 958 confessioni-

335 983 412 1023 bus,
430 986 470 1016 ut
494 982 531 1015 in
554 980 631 1026 ejus
656 979 733 1014 vita
756 979 969 1013 continetur.
1022 978 1121 1012 Sedit
1147 979 1249 1013 annis
1274 988 1367 1013 x111.
1396 991 1468 1024 quo
1493 991 1587 1015 anno
1614 985 1734 1016 tamen

335 1041 472 1080 obierit,
489 1050 560 1073 non
578 1038 804 1083 deprehendi,
822 1048 887 1071 nec
905 1048 976 1081 quo
994 1036 1050 1070 die
1069 1037 1216 1071 colatur.
1270 1036 1440 1072 Meminit
1461 1037 1592 1072 Petrus
1611 1038 1650 1072 in
1665 1038 1733 1073 Ca-

333 1100 450 1144 talogo
467 1097 527 1131 lib.
548 1104 586 1131 x'.
606 1107 680 1141 cap.
701 1104 836 1129 XXVII.

782 1211 818 1246 S.
846 1210 1138 1246 CATHANUS.
1192 1214 1274 1250 237.

331 1330 366 1364 S.
386 1329 624 1370 CATHANUS,
644 1330 829 1374 episcopus
848 1328 887 1361 in
901 1327 1088 1368 Hibernia,
1103 1328 1258 1372 patriam
1269 1339 1372 1362 suam
1387 1329 1554 1370 deseruit,
1567 1334 1609 1364 ut
1624 1334 1645 1349 “
1656 1335 1731 1364 stu-

332 1388 463 1422 diosius
481 1388 697 1422 monasticae
715 1387 828 1432 quieti
847 1390 1000 1425 vacaret,
1019 1389 1054 1419 et
1072 1396 1109 1419 se
1133 1390 1249 1420 totum
1275 1387 1567 1431 contemplationi
1594 1388 1730 1432 impen-

331 1446 459 1486 deret,'’
486 1447 537 1480 ait
565 1445 741 1491 Georgius
772 1444 962 1478 Neutonus
987 1443 1256 1479 archidiaconus
1280 1443 1560 1479 Dumblanensis
1586 1446 1626 1479 in
1653 1446 1730 1480 vita

331 1503 366 1536 S.
390 1503 507 1537 Blani.
561 1503 688 1548 Itaque
716 1503 754 1536 in
781 1502 935 1536 insulam
963 1501 1109 1542 Butam,
1134 1512 1224 1546 quae
1251 1501 1447 1536 Hebudum
1472 1514 1546 1537 una
1569 1504 1727 1538 occiden-

331 1563 437 1595 talem
456 1560 593 1595 Scotiae
611 1566 749 1606 partem
768 1561 912 1601 claudit,
934 1563 1036 1594 vetus
1055 1559 1173 1605 regiae
1191 1559 1348 1594 familiae
1366 1559 1534 1595 Stuartae
1556 1561 1727 1606 patrimo-

331 1620 441 1660 nium,
461 1631 541 1654 cum
560 1631 679 1654 sorore
697 1618 816 1653 Ertha
833 1617 1030 1657 descendit3
1051 1628 1094 1650 ex
1112 1628 1183 1661 qua
1201 1628 1320 1651 sorore
1338 1629 1401 1662 per
1419 1619 1493 1652 vim
1511 1630 1533 1653 a
1550 1619 1727 1653 venustis-

330 1678 418 1711 simo
437 1679 655 1712 adolescente
674 1687 874 1721 compressa
892 1680 997 1709 natus
1016 1674 1052 1708 S.
1071 1674 1219 1715 Blanus,
1238 1679 1279 1709 ut
1296 1675 1334 1709 in
1352 1676 1429 1721 ejus
1449 1676 1525 1711 vita
1550 1677 1725 1721 superiori

330 1735 419 1769 libro
433 1736 587 1770 dictum:
606 1736 667 1769 sed
682 1735 877 1774 Cathanus,
891 1735 1017 1778 plenus
1031 1732 1204 1766 bonorum
1220 1743 1368 1777 operum
1382 1738 1417 1768 et
1431 1734 1569 1768 dierum
1583 1735 1621 1768 in
1633 1734 1726 1769 bona

331 1798 519 1833 senectute,
538 1794 575 1826 in
595 1793 692 1827 Buta
710 1791 938 1831 obdormivit,
955 1791 1051 1825 unde
1068 1791 1145 1825 loco
1163 1790 1356 1826 Kilcathan
1373 1803 1515 1827 nomen.
1564 1792 1725 1837 Scripsit,

331 1850 413 1883 dum
433 1851 521 1884 inibi
540 1855 671 1897 ageret,

477 1909 730 1943 Meditationes
1104 1900 1109 1906 ⁵
1219 1907 1281 1941 lib.
1302 1916 1327 1941 1.

476 1967 722 2001 Confessiones
741 1970 892 2000 secretas
1217 1965 1278 1999 lib.
1300 1975 1324 1998 1.

474 2024 528 2058 De
547 2025 619 2058 suis
638 2024 935 2069 Apparitionibus
1218 2023 1279 2057 lib.
1301 2032 1325 2057 1.

379 2081 545 2116 Florebat
562 2083 599 2115 in
617 2082 736 2116 Scotia
753 2093 846 2116 anno
864 2091 989 2116 CDLX.
1009 2082 1152 2127 quando
1169 2081 1308 2115 venerit
1325 2093 1369 2115 ex
1389 2082 1575 2122 Hibernia,
1595 2087 1657 2116 aut
1686 2083 1724 2116 in

294 2171 298 2174 .
329 2139 482 2174 Domino
500 2140 763 2180 obdormiverit,
782 2151 854 2174 non
872 2140 1098 2184 deprehendi.
1151 2139 1292 2174 Colitur
1310 2148 1413 2174 xvn.
1432 2140 1534 2174 Maii.

780 2240 816 2274 S.
844 2238 1137 2274 CHILIANUS.
1190 2241 1272 2274 238.

331 2311 366 2345 S.
387 2311 629 2353 CHILIANUS,
648 2315 829 2348 orientalis
847 2314 1019 2348 Franciae
1037 2315 1230 2358 apostolus,
1255 2320 1291 2348 et
1317 2314 1586 2359 Herbipolensis
1614 2314 1723 2348 antis-

330 2374 395 2409 tes,
411 2380 540 2414 magna
551 2371 751 2405 sanctitatis
770 2372 980 2406 claritudine
999 2372 1101 2413 vixit,
1120 2377 1155 2406 et
1174 2384 1254 2407 cum
1273 2373 1377 2407 sociis
1395 2372 1570 2417 martyrio
1588 2371 1723 2406 confec-

329 2432 398 2461 tus.
451 2426 542 2460 Vide
561 2427 655 2462 infra
672 2426 860 2463 Kilianus.
