2032 2912
359 331 398 361 26
734 322 960 356 HISTORIA
984 317 1352 352 ECCLESIASTICA

508 421 550 454 In
568 418 745 463 Epistolas
764 416 865 449 Pauli
1185 411 1246 444 lib.
1266 419 1291 443 1.

414 477 550 511 Floruit
566 485 658 509 anno
676 481 848 506 Dcxmu.
899 470 1038 504 Colitur
1054 469 1111 502 die
1133 476 1221 501 XXI.
1240 466 1264 500 J
1266 466 1341 500 ulii.
1393 465 1527 499 Molan.
1547 464 1732 500 Addition.

367 533 527 568 Usuardi.
569 531 664 565 Guil.
688 528 945 574 Eisengrinius.
989 525 1049 559 Fr.
1073 524 1231 558 Irenicus
1255 522 1315 556 lib.
1343 530 1402 556 111.
1427 521 1594 556 German.
1618 521 1733 568 Exeg.

363 600 435 633 cap.
455 596 600 622 XLvm.

842 698 877 731 S.
903 694 1127 730 ARNUAL.
1179 696 1236 731 29.
1292 704 1295 706 '

362 816 397 849 S.
432 815 620 853 ARNUAI„
654 813 689 847 S.
724 811 858 846 Kiliani
892 809 1184 855 peregrinationis
1218 807 1345 848 socius,
1390 818 1468 841 cum
1513 809 1572 843 ille
1608 808 1736 843 Herbi-

362 875 469 918 polim
510 873 547 906 in
591 871 814 905 Germaniam
856 867 1101 906 contendisset,
1146 864 1380 909 martyriique
1421 866 1577 909 palmam
1619 877 1736 910 perce-

360 931 477 974 pisset,
503 930 560 962 hic
584 930 622 962 in
648 927 770 961 Galliis
796 925 965 960 substitit.
1015 923 1196 967 Anonym.
1227 933 1270 955 ex
1302 921 1457 956 Monast.
1489 922 1734 957 Aichstadian.

360 986 585 1030 praedicator,
616 985 730 1018 editus
759 983 804 1016 ab
830 981 986 1015 Henrico
1011 979 1153 1013 canisio
1178 984 1264 1013 tom.
1294 988 1348 1013 IV.
1379 978 1623 1024 Antiquarum
1650 979 1736 1014 Lec-

361 1043 446 1076 tion.
473 1042 515 1075 de
541 1041 706 1075 Passione
737 1039 798 1073 SS.
830 1038 965 1072 Kiliani
995 1041 1030 1071 et
1056 1038 1229 1070 sociorum
1261 1036 1349 1082 ejus.
1410 1036 1530 1071 Verba
1560 1037 1669 1072 habes
1699 1038 1736 1071 in

360 1099 499 1132 Donato
515 1098 574 1131 lib.
594 1106 646 1130 IV.
665 1096 758 1130 infra
774 1096 839 1129 hoc
856 1105 969 1138 opere.
1022 1093 1226 1139 Sigebertus
1250 1094 1511 1128 Gemblacensis
1535 1095 1580 1128 ad
1603 1106 1736 1129 annum

360 1163 527 1189 DCXLIX.
578 1154 621 1187 In
647 1153 820 1187 Chronico
845 1151 1151 1196 Wizziburgensis
1182 1151 1359 1196 episcopi:
1392 1156 1413 1171 “
1434 1151 1640 1196 Discipulus
1667 1152 1737 1186 Ar-

360 1213 441 1246 nual
467 1212 503 1245 in
528 1210 652 1251 Gallia,
680 1209 911 1244 Adamannus
937 1209 1055 1248 abbas,
1081 1207 1292 1248 Adhelmus,
1318 1214 1353 1243 et
1379 1208 1580 1249 Wilfridus,
1607 1209 1737 1252 episco-

360 1270 395 1314 pi
425 1270 555 1303 elarent
584 1269 621 1302 in
648 1267 811 1313 Anglia.”
840 1266 1066 1301 Arnualdum
1090 1270 1194 1299 vocat
1219 1265 1441 1299 Trithemius
1467 1265 1529 1299 lib.
1554 1274 1579 1299 Ι.
1611 1265 1735 1310 Comp.

362 1327 491 1360 Annal.
514 1336 594 1370 pag.
614 1333 712 1358 Lvn.
762 1324 948 1368 Scripsisse
968 1334 1049 1357 eum
1067 1323 1118 1357 ait
1135 1322 1158 1355 J
1160 1323 1288 1357 aeobus
1306 1322 1487 1357 Breullius
1504 1323 1542 1357 in
1560 1322 1735 1368 Disquisi-

363 1383 514 1418 tionibus
532 1383 614 1421 suis,

506 1439 540 1473 S.
560 1438 692 1473 Kiliani
707 1438 868 1483 magistri
885 1437 1008 1471 Vitam
1186 1437 1247 1471 lib.
1267 1446 1292 1471 1.

410 1497 507 1536 Quae
525 1497 575 1529 illi
593 1507 612 1529 a
629 1495 848 1539 propudiosis
866 1495 1062 1534 haereticis,
1088 1498 1124 1528 et
1142 1495 1294 1528 maxime
1312 1498 1473 1538 apostata
1491 1493 1612 1534 Baleo‚
1633 1494 1737 1528 ascri-

361 1555 502 1593 buntur,
520 1565 590 1587 non
608 1553 691 1586 vidi.
744 1552 821 1586 Hoc
837 1563 948 1586 unum
963 1556 1112 1592 constat,
1129 1553 1251 1586 relicta
1269 1551 1386 1586 Gallia
1402 1552 1614 1597 magistrum
1632 1562 1737 1585 suum

360 1612 398 1645 in
430 1610 561 1644 Gallias
594 1609 808 1648 comitatum,
842 1608 1050 1642 Xantonum
1085 1610 1287 1653 episcopum
1321 1614 1439 1643 sancte
1473 1609 1599 1653 pieque
1638 1609 1738 1642 inau-

360 1672 546 1713 guratum:
572 1667 663 1700 idem
681 1671 801 1699 auctor
818 1671 870 1699 est
888 1665 933 1699 R.
953 1665 994 1699 P.
1014 1666 1206 1700 Breullius.

409 1724 543 1758 Claruit
569 1735 660 1757 anno
683 1731 846 1757 Dcxcw.
901 1722 1011 1757 Idem.
1066 1723 1245 1758 Annualis
1271 1728 1324 1758 est
1350 1724 1464 1757 cultus
1490 1731 1534 1756 11.
1560 1721 1736 1757 Octobris.

358 1781 586 1827 Martyrolog.
605 1780 742 1815 subens.

851 1894 887 1928 S.
913 1893 1120 1929 ATTILA.
1173 1897 1231 1929 30.

361 2008 651 2043 SANCTISSIMUS
677 2019 782 2042 senex
806 2007 1046 2043 Columbanus
1071 2011 1203 2043 multos
1229 2009 1356 2043 habuit
1382 2009 1475 2043 cives
1502 2020 1584 2043 suos
1615 2008 1737 2043 scotos

360 2065 498 2108 pietatis
523 2066 640 2099 studio
669 2066 785 2109 ipsum
815 2077 834 2099 e
864 2066 978 2110 patria
1009 2071 1170 2107 secutos3
1202 2066 1241 2099 in
1271 2065 1327 2100 his
1359 2065 1477 2100 Attila
1507 2065 1644 2107 Scotus‚
1676 2077 1739 2101 seu

360 2120 492 2160 Attala,
521 2123 621 2167 cujus
649 2123 817 2156 memoria
842 2123 968 2156 colitur
992 2124 1048 2157 die
1074 2132 1114 2156 X.
1142 2123 1278 2157 Martii.
1330 2122 1516 2157 Addition.
1548 2122 1737 2168 Martyrol.

362 2177 514 2211 Usuardi
532 2178 662 2212 Molan.
713 2179 767 2213 De
784 2191 854 2224 quo
872 2179 1043 2225 Sigebert.
1062 2179 1324 2214 Gemblacensis
1343 2180 1540 2215 Chronico:
1568 2185 1589 2200 “
1607 2179 1741 2214 Eusta-

364 2234 435 2267 sius
449 2235 552 2268 abbas
566 2235 796 2276 Luxonensis,
815 2241 850 2270 et
863 2236 980 2270 Attila
998 2237 1182 2271 Bobiensis
1200 2241 1281 2281 post
1299 2236 1559 2272 Columbanum
1575 2237 1738 2272 clarent.'‘

364 2289 576 2324 Comitatum
606 2297 696 2326 certe
725 2293 833 2339 hujus
863 2294 974 2327 sancti
1003 2294 1114 2337 patris
1145 2294 1266 2328 scotos
1301 2294 1422 2334 fuisse,
1457 2295 1627 2340 anonymi
1662 2304 1739 2328 ver-

366 2357 435 2385 sus,
465 2358 527 2381 seu
555 2349 817 2394 epigrammata,
848 2350 892 2385 ab
919 2350 1073 2385 Henrico
1102 2350 1245 2385 Canisio
1276 2363 1389 2396 nuper
1416 2352 1521 2393 edita,
1553 2351 1658 2385 fidem
1688 2350 1737 2385 fa-

363 2403 481 2436 ciunt:
