2032 2912
358 323 398 351 48
734 311 963 345 HISTORIA
987 307 1360 341 ECCLESIASTICA

360 415 396 447 in
418 423 521 457 opere
547 422 587 444 eo
611 419 682 442 non
707 407 813 440 semel
839 415 875 438 se
902 403 1047 436 Scotum
1072 402 1230 436 fatetur:
1257 400 1391 445 prodiit
1416 410 1505 443 opus
1531 399 1618 432 illud
1644 400 1741 443 typis

360 467 599 505 Frobenianis,
618 464 677 498 sed
695 472 765 496 non
783 465 836 494 est
852 464 893 493 ut
911 469 1005 492 nunc
1023 459 1068 492 ad
1085 469 1231 492 manum
1250 458 1359 491 codex
1374 467 1384 497 3
1411 457 1597 490 laudatum
1622 460 1743 490 tamen

359 525 497 559 invenio
515 522 607 566 apud
626 520 806 556 Balaeum,
824 517 885 550 sed
902 516 961 549 ille
979 526 1069 556 eum,
1089 520 1130 549 ut
1147 516 1279 549 multos
1295 514 1393 554 alios,
1409 524 1593 558 perperam
1614 512 1743 558 Anglis

357 583 473 614 donat.
526 576 664 611 Floruit
683 585 774 608 anno
794 582 889 606 DXC.

805 686 1167 727 ATQUANANUS.
1222 689 1280 724 77.

356 807 642 844 ATQUANANUS
673 813 765 837 unus
792 813 835 835 ex
864 800 1045 844 discipulis
1074 800 1109 834 S.
1142 800 1367 834 Columbani.
1432 800 1599 834 Meminit
1629 800 1741 834 Jonas

356 865 461 898 abbas
476 864 600 897 Scotus
615 862 653 895 in
665 860 751 894 Vita
765 859 922 904 ejusdem
936 869 964 891 e.
980 866 1073 890 X111.
1093 861 1114 876 “
1128 857 1292 896 Quatuor
1309 857 1443 902 insigni
1457 857 1628 902 religione
1643 858 1739 891 viros

354 933 416 965 per
450 925 601 965 quatuor
634 919 758 951 messis
791 916 939 960 angulos
973 914 1141 958 disponit,
1174 918 1263 957 puta
1296 913 1514 954 Cominium,
1551 913 1740 947 Eunocum

354 983 460 1021 atque
486 975 742 1020 Atquananum
773 983 816 1006 ex
846 971 1033 1004 Scotorum
1062 981 1202 1016 genere,
1229 974 1409 1015 quartum,
1437 969 1649 1016 Gurganum
1680 981 1741 1003 na-

354 1035 447 1068 tione
469 1032 685 1066 Britonem.”
736 1030 811 1063 Nec
837 1029 879 1062 de
905 1029 966 1062 illo
992 1028 1107 1071 plura.
1159 1026 1219 1061 An
1248 1027 1383 1072 aliquid
1409 1027 1602 1071 scripserit,
1626 1027 1665 1061 in
1689 1027 1742 1060 in-

354 1096 446 1124 certo
464 1094 528 1124 est.
580 1088 720 1122 Floruit
738 1098 830 1120 anno
849 1094 958 1119 DCVI.

817 1199 1153 1234 ALEXANDER.
1207 1203 1264 1237 78.

352 1320 620 1353 ALEXANDER
639 1318 817 1356 stum-tus,
842 1315 968 1349 Jacobi
988 1314 1036 1349 II.
1056 1325 1242 1359 pronepos,
1260 1313 1458 1348 Alexandri
1476 1313 1652 1347 Albaniae
1675 1315 1739 1347 du-

352 1378 400 1410 cis
418 1387 461 1410 ex
478 1376 615 1410 comitis
633 1375 814 1408 Orcadum
831 1373 904 1406 filia
921 1372 1026 1411 filius,
1049 1371 1198 1405 Parisiis
1222 1382 1302 1405 cum
1319 1375 1420 1416 patre
1438 1372 1540 1405 exule
1557 1371 1738 1410 educatus,

352 1445 391 1467 eo
413 1438 554 1467 mortuo
576 1433 614 1466 in
638 1432 792 1476 patriam
816 1430 933 1470 rediit,
958 1434 993 1463 et
1011 1428 1143 1462 Sconae
1161 1428 1279 1468 abbas,
1299 1433 1376 1462 tum
1399 1428 1583 1462 Moraviae
1607 1429 1739 1471 episco-

351 1502 416 1534 pus
446 1495 594 1530 creatus,
627 1489 760 1534 insigni
790 1488 921 1532 pietate
952 1497 992 1520 ac
1023 1486 1213 1530 prudentia
1243 1486 1423 1519 ecclesiam
1454 1495 1555 1518 suam
1587 1485 1738 1518 admini—

351 1548 487 1581 stravit.
539 1546 694 1581 Joannes
720 1545 888 1579 Leslaeus
915 1544 975 1578 lib.
995 1552 1084 1577 V111.
1110 1542 1249 1576 Histor.
1268 1542 1405 1576 Scotiae
1422 1553 1505 1588 pag.
1524 1550 1736 1575 CCCXXVII.

351 1604 497 1648 Scripsit

496 1660 673 1694 Sorbonae
708 1660 861 1694 Laudes.
932 1658 1059 1692 Oratio
1094 1658 1236 1702 elegans
1270 1656 1435 1691 Lutetiae
1473 1655 1605 1700 prodiit
1640 1656 1735 1700 typis

546 1717 736 1751 Patissoni.

400 1774 546 1809 Sedebat
564 1785 656 1808 anno
675 1782 1024 1808 MCCCCLXXXVm.

838 1887 981 1922 ANON
987 1887 1136 1921 YMUS.
1192 1889 1249 1925 79.

353 2001 590 2038 ANONYMUs
620 2005 685 2038 iste
718 2003 894 2047 reperitur
928 2003 1020 2036 inter
1054 2013 1111 2035 eos
1146 2002 1208 2046 qui
1244 2002 1288 2035 ad
1323 2000 1358 2034 S.
1394 1999 1632 2040 Bonifacium,
1663 2001 1737 2044 pri-

353 2070 448 2092 mum
484 2061 691 2106 Moguntiae
726 2059 1039 2103 archiepiscopum,
1082 2070 1145 2093 seu
1187 2057 1427 2097 Winfredum,
1470 2057 1591 2091 literas
1634 2058 1737 2090 dede-

355 2121 438 2150 runt
456 2118 556 2161 epist.
577 2126 663 2151 XLI.
690 2122 710 2136 “
728 2116 882 2150 Domino
907 2120 1038 2155 sancto,
1063 2115 1335 2160 sapientissimo,
1359 2114 1503 2148 Christo
1521 2114 1663 2158 quidem
1682 2126 1736 2148 ca-

355 2173 503 2213 rissimo,
521 2172 707 2214 Adhelmo,
733 2173 857 2207 Scotus
881 2173 994 2218 ignoti
1018 2173 1171 2206 nominis
1195 2173 1233 2206 in
1251 2171 1328 2206 Deo
1345 2176 1526 2205 aeternam
1550 2170 1736 2205 salutem.'’

355 2227 536 2271 Epistolae
561 2234 765 2265 contextum
791 2230 879 2264 inibi
905 2230 1055 2274 require,
1082 2241 1189 2274 quam
1216 2233 1414 2274 sequuntur
1445 2239 1568 2262 versus
1595 2227 1737 2261 Claudi-

357 2284 425 2322 ani,
452 2290 493 2318 ut
518 2287 594 2319 vult
619 2285 786 2320 Nicolaus
814 2285 985 2326 serarius,
1005 2297 1192 2331 suppresso
1217 2287 1381 2326 nomine;
1410 2287 1470 2320 sed
1496 2285 1582 2330 quid
1608 2285 1636 2318 si
1665 2295 1736 2317 non

356 2339 550 2381 Claudiani,
569 2342 629 2386 qui
647 2341 822 2377 Ethnicus
840 2343 971 2376 dicitur
989 2342 1034 2376 D.
1049 2343 1267 2389 Augustino,
1284 2343 1423 2383 Orosio,
1438 2342 1580 2382 Suidae,
1596 2347 1632 2375 et
1645 2342 1734 2380 aliis,

356 2397 415 2430 sed
438 2397 547 2441 ipsius
570 2398 664 2432 illius
691 2398 785 2433 Scoti
813 2398 1009 2444 anonymi?
1061 2398 1113 2433 Et
1134 2399 1235 2434 facile
1262 2400 1356 2434 credi
1381 2403 1497 2443 potest
1523 2397 1618 2431 Scoti
1640 2397 1736 2431 illius
