2032 2912
690 349 866 381 GENTIS
891 347 1167 388 SCOTORUM,
1194 349 1283 382 LIB.
1308 349 1353 381 11.
1676 348 1715 378 81

792 501 828 534 S.
856 499 1107 534 BLAANUS.
1161 502 1243 535 142.

325 559 360 593 S.
390 558 557 593 BLAANl
583 558 690 592 etiam
720 558 877 591 seculum
907 560 1111 590 sanctorum
1141 562 1177 590 et
1206 557 1392 591 doctorum
1422 556 1492 591 fuit
1522 556 1632 597 ferax,
1663 557 1713 591 sic

324 617 419 650 enim
434 615 483 649 H.
498 614 670 648 Boethius
683 613 744 647 lib.
760 621 817 646 Xl.
832 612 930 646 Hist.
945 611 1079 646 Scotor.
1094 623 1176 658 pag.
1192 622 1391 647 ccxxxtv.
1412 618 1433 651 “,
1449 613 1625 660 Vigianus
1639 625 1711 649 mo-

324 673 467 712 nachus,
486 670 621 705 Christi
644 669 821 716 dogmatis
843 669 1007 715 egregius
1031 669 1266 709 concionator,
1290 670 1357 704 sub
1374 670 1410 703 id
1427 675 1567 715 tempus
1585 671 1712 706 claruit

323 729 405 764 cum'
421 727 608 767 Moveano,
626 726 791 766 Medano,
811 726 948 760 Blaano
965 725 1147 771 Englatio‚
1173 726 1349 766 Colmoco,
1372 728 1604 761 sanctissimis
1626 739 1711 772 pon-

321 784 484 825 tificibus,
511 784 638 818 Onano
663 784 821 824 diacono,
847 782 1017 829 Congano
1043 783 1180 823 abbate,
1206 783 1399 827 multisque
1425 783 1504 817 aliis
1526 784 1613 818 viris
1636 795 1710 818 mo-

321 841 419 876 ribus
437 846 473 876 et
489 841 649 876 doctrina
665 841 798 887 insigni
820 840 1010 886 probatis.’'
1060 839 1121 873 Ex
1145 840 1275 884 quibus
1300 840 1413 885 liquet
1438 846 1711 886 cognomentum

319 899 351 933 ei
382 898 553 945 Englatio
579 898 699 939 fuisse,
731 902 767 932 et
796 897 950 943 episcopi
979 908 1060 931 eum
1090 897 1316 931 honestatum
1344 898 1439 942 apud
1464 909 1547 932 suos
1577 897 1710 938 officim

320 956 381 989 sed
398 956 460 990 ubi
478 955 645 996 civitatis,
662 966 734 989 non
752 954 977 1000 deprehendi.
1015 954 1072 988 Ita
1089 954 1177 988 viris
1195 954 1307 989 doctis
1325 955 1453 995 visum,
1471 960 1509 989 at
1526 966 1592 1001 ego
1608 956 1712 1000 plane

321 1013 500 1053 dissentio,
518 1013 580 1058 qui
598 1014 706 1047 sciam
724 1011 895 1046 Sanctum
912 1010 1124 1058 Englatium
1141 1011 1250 1046 alium
1269 1012 1314 1046 ab
1331 1012 1391 1046 illo
1410 1011 1530 1046 fuisse.
1562 1011 1711 1057 Scripsit

470 1070 525 1104 De
543 1070 711 1104 Ecclesiis
729 1069 949 1104 Britannicis
1260 1070 1321 1104 lib.
1341 1079 1366 1104 Ι.

467 1127 656 1162 Orationes
675 1127 717 1161 de
735 1127 874 1161 Sanctis
1109 1131 1112 1136 '
1262 1127 1322 1161 lib.
1344 1136 1369 1161 Ι.

466 1184 648 1229 Epistolas
666 1184 710 1219 ad
729 1185 887 1218 diversos
1261 1184 1320 1218 lib.
1343 1193 1367 1218 Ι.

374 1242 416 1276 In
435 1252 575 1276 summa
592 1241 802 1276 claritudine
818 1240 888 1274 fuit
905 1250 999 1274 anno
1017 1249 1092 1274 MX.
1120 1239 1259 1275 Colitur
1281 1241 1338 1275 die
1356 1250 1396 1275 x.
1419 1240 1588 1288 Augusti.
1615 1243 1712 1277 Mar-

321 1299 425 1344 tyrol.
445 1297 593 1332 Subens.

749 1411 786 1446 S.
815 1411 1140 1446 BRENDANUS.
1196 1414 1278 1447 143.

317 1530 353 1563 S.
381 1528 651 1567 BRENDANUs‚
677 1537 741 1561 seu
766 1526 991 1568 Brandanus,
1019 1530 1082 1561 aut
1107 1526 1306 1568 Bredanus,
1332 1533 1438 1574 gente
1464 1528 1602 1570 Scotus,
1628 1530 1709 1564 licet

315 1586 461 1631 quidam
486 1596 671 1630 perperam
695 1583 898 1618 Hibernum
919 1582 1062 1624 faciant,
1086 1589 1121 1619 et
1143 1584 1180 1618 in
1204 1585 1260 1619 his
1286 1584 1468 1620 Antonius
1495 1586 1710 1621 Possevinus

316 1643 491 1688 Apparat.
518 1641 613 1676 Sacr.
641 1652 722 1687 pag.
750 1649 855 1674 CCLI.
912 1640 1043 1675 Melius
1073 1640 1269 1675 Wernerus
1300 1641 1542 1678 Rolevinchus
1572 1643 1610 1677 in
1641 1644 1710 1678 Fa-

317 1700 447 1734 sciculo
465 1698 707 1743 Temporum:
735 1702 756 1717 “
774 1697 985 1731 Brendanus
1003 1697 1042 1731 in
1060 1696 1180 1732 Scotia
1193 1699 1313 1739 claret,
1327 1704 1470 1733 sanctus
1483 1705 1585 1744 pater
1600 1701 1710 1735 trium

316 1757 469 1790 millium
486 1755 773 1790 monachorum.’'
796 1747 964 1788 -'Colitur
983 1755 1037 1788 vel
1062 1755 1119 1788 die
1142 1763 1231 1789 XIX.
1255 1755 1421 1790 Decemb.
1448 1756 1624 1791 Trithem.
1648 1758 1708 1791 lib.

320 1822 379 1847 111.
398 1814 441 1846 de
458 1812 537 1847 Vir.
556 1812 684 1846 illustr.
704 1811 740 1845 S.
759 1810 942 1845 Benedict.
961 1821 1036 1854 cap.
1056 1820 1176 1845 XXXI.
1201 1812 1258 1845 vel
1280 1812 1337 1845 die
1362 1821 1482 1846 xleI.
1506 1812 1530 1846 J
1533 1814 1618 1848 unii.
1645 1814 1710 1848 Pe-

315 1877 392 1904 trus
427 1870 465 1903 in
500 1868 670 1914 Catalogo
705 1868 764 1902 lib.
801 1876 839 1901 V.
883 1878 959 1911 cap.
996 1877 1126 1902 cxvn.
1193 1867 1404 1904 Vincentius
1447 1869 1708 1906 Bellovacensis

317 1928 355 1960 in
385 1926 533 1971 Speculo
563 1925 623 1959 lib.
656 1934 744 1959 XXI.
776 1936 851 1969 cap.
884 1933 1033 1959 LXXXI.
1097 1925 1265 1959 Meminit
1293 1925 1447 1960 Jacobus
1477 1927 1520 1961 de
1549 1927 1710 1963 Vitriaco

317 1983 504 2017 cardinalis
540 1982 678 2016 Histor.
715 1982 954 2026 Hierosolym.
998 1992 1073 2026 cap.
1118 1990 1301 2016 LXXXIII.
1370 1982 1462 2017 Vide
1504 1985 1630 2025 locum,
1673 1991 1708 2020 et

315 2052 391 2085 cap.
412 2048 623 2073 LXXXvnI.
665 2039 802 2073 Mirum
819 2039 927 2073 refert
945 2039 988 2072 de
1006 2039 1131 2073 avibus
1149 2039 1193 2072 ab
1213 2050 1253 2073 eo
1272 2039 1370 2074 visis.
1411 2040 1584 2087 Sigebert.
1604 2042 1708 2076 Gem-

316 2098 466 2132 blacens.
493 2097 530 2131 in
556 2096 732 2131 Chronico
758 2096 803 2130 ad
828 2107 962 2130 annum
988 2104 1104 2129 DLXI.
1157 2100 1178 2115 ‘⁶
1196 2095 1240 2130 In
1266 2096 1385 2131 Scotia
1410 2097 1622 2133 Brendanus
1640 2101 1708 2134 cla-

316 2155 401 2194 ruit,
427 2154 490 2198 qui
516 2153 732 2188 Fortunatas
759 2153 899 2187 Insulas
925 2153 1122 2197 septennali
1146 2153 1376 2199 navigatione
1399 2155 1594 2199 requirens,
1617 2158 1709 2191 mul-

317 2218 354 2246 ta
377 2211 547 2245 miraculo
571 2210 680 2256 digna
703 2211 816 2251 vidit;
843 2222 864 2245 a
887 2221 958 2255 quo
982 2210 1155 2250 Macutes,
1179 2210 1241 2255 qui
1267 2215 1302 2244 et
1322 2210 1519 2253 Maelovus,
1536 2214 1709 2259 regulari-

311 2274 371 2303 ter
389 2269 569 2308 educatus,
586 2272 622 2302 et
638 2268 750 2312 ipsius
773 2267 1012 2313 navigationis
1036 2267 1163 2307 socius,
1187 2268 1225 2301 in
1249 2267 1438 2302 Britannia
1462 2271 1650 2305 sanctitate
1673 2277 1709 2306 et

316 2325 496 2360 miraculis
520 2325 669 2366 claruit3
694 2325 756 2370 qui
774 2336 796 2358 a
819 2324 1004 2359 Britannis
1028 2324 1268 2365 exacerbatus
1291 2325 1341 2358 eis
1365 2326 1571 2368 maledictis,
1595 2332 1710 2362 trans-

317 2383 384 2417 ivit
409 2383 454 2416 ad
480 2382 624 2423 Gallias,
648 2386 684 2416 et
709 2382 776 2416 sub
802 2381 953 2416 Leontio
978 2381 1196 2417 Sanctonum
1223 2382 1386 2427 episcopo
1411 2384 1525 2418 multo
1550 2389 1709 2430 tempore

317 2439 510 2475 virtutibus
528 2440 688 2475 claruit.”
728 2439 810 2473 Huc
828 2449 941 2483 usque
959 2443 1062 2474 vetus
1072 2440 1209 2475 editio:
1236 2440 1334 2475 addit
1353 2452 1456 2481 nova,
1476 2445 1498 2461 ‘⁶
1515 2442 1708 2486 Britannos

994 2504 1028 2530 M
