2032 2912
371 320 434 352 270
752 317 984 349 HISTORIA
1009 318 1383 350 ECCLESIASTICA

371 418 487 448 tarum
508 413 690 448 Gallorum
709 417 792 446 tom.
812 421 855 445 11.
874 412 970 456 quod
987 423 1175 457 apponam.

672 509 732 545 Qui
748 508 833 537 Latio
848 508 948 537 Musas
962 507 1059 537 sedem
1074 509 1170 538 fixisse
1184 519 1349 548 perennem,

707 556 747 585 Et
762 555 820 584 sola
834 561 914 584 vates
928 555 1003 585 dixit
1017 557 1048 584 in
1063 557 1201 590 Ausonia,

670 603 760 632 Haud
774 608 825 632 tua
839 602 978 632 Castalios
992 604 1147 633 referentia
1161 605 1286 634 carmina
1301 610 1399 635 coetus

707 651 843 689 Legerat,
857 656 887 679 et
901 650 1006 679 celebri
1021 661 1094 689 quae
1109 652 1186 681 canis
1201 662 1292 691 usque
1306 653 1385 692 lyra:

669 699 786 734 Quanta
802 698 964 727 Caledoniis
978 699 1031 727 tibi
1046 699 1109 728 laus
1123 705 1153 728 et
1167 710 1271 729 nomen
1285 700 1316 728 in
1330 700 1386 729 oris

709 745 857 783 Surgeret,
873 745 971 779 Evati,
985 746 1099 776 nescius
1112 747 1162 775 ille
1176 747 1242 775 fuit.

668 792 802 822 Abduxti
818 792 903 821 Latio
918 793 1028 827 Musas,
1042 799 1180 832 vatesque
1195 794 1315 823 Latinos

705 840 826 869 Exculti
840 850 959 879 superas
972 840 1082 869 viribus
1096 840 1214 879 ingenii.

754 993 778 1028 J
779 993 980 1028 ACOBUS
1006 993 1236 1028 ECLINUS.
1290 996 1373 1028 500.

363 1111 542 1146 JACOBUS
560 1110 721 1151 Eclinus,
739 1110 851 1145 nobili
869 1110 1043 1156 sanguine
1060 1110 1099 1144 in
1113 1109 1195 1144 Fifa
1209 1114 1320 1150 ortus,
1336 1110 1601 1155 philosophiam
1620 1111 1758 1145 Burde-

363 1170 463 1216 galae
482 1169 604 1203 multis
623 1169 725 1203 annis
744 1180 875 1215 magna
893 1168 1104 1202 eruditionis
1128 1168 1244 1214 gloria
1267 1168 1460 1212 professus,
1486 1169 1585 1203 visus
1609 1174 1662 1204 est
1687 1170 1757 1213 ple-

362 1227 481 1272 risque
499 1228 588 1262 nulli
607 1228 645 1262 in
662 1239 704 1262 ea
721 1227 869 1261 scientia
887 1226 1020 1260 cedere.
1069 1226 1220 1271 Scripsit

510 1284 554 1319 In
572 1284 744 1332 Logicam
762 1285 966 1319 universam
1254 1284 1314 1318 lib.
1336 1294 1360 1318 1.

512 1343 557 1378 In
574 1343 743 1377 Ethicam
1252 1343 1312 1377 lib.
1333 1353 1372 1377 X.

510 1401 553 1435 In
572 1400 763 1446 Physicam
1245 1401 1307 1435 lib.
1328 1410 1417 1436 VIII.
1442 1412 1533 1446 quae
1552 1403 1629 1448 jam
1650 1402 1757 1435 audio

559 1459 672 1492 lucem
692 1458 858 1503 accipere,
877 1459 972 1504 quod
991 1467 1026 1493 B.
1046 1467 1083 1493 R.
1105 1468 1138 1493 P.
1159 1467 1195 1493 L.
1217 1467 1253 1493 F.

411 1515 577 1550 Excessit
596 1515 830 1562 Burdegalae,
849 1527 893 1551 ex
910 1516 1007 1551 febre
1025 1517 1194 1563 maligna,
1213 1527 1308 1550 anno
1328 1525 1474 1550 MDCIV.
1494 1528 1624 1563 magno
1642 1517 1752 1550 omni-

362 1575 426 1607 bus
445 1574 500 1608 sui
520 1574 695 1608 desiderio
713 1574 847 1608 relicto.

780 1688 943 1724 DAVID
970 1689 1199 1724 ECLINUS.
1251 1692 1333 1724 501.

362 1806 498 1840 DAVID
517 1805 678 1845 Echnus,
696 1805 719 1839 J
722 1805 820 1840 acobi
838 1805 960 1846 frater,
979 1804 1208 1850 professionis
1226 1805 1333 1839 etiam
1353 1817 1507 1846 consors,
1532 1807 1755 1840 suavissimis

360 1864 518 1898 moribus
549 1875 588 1898 ac
618 1864 816 1897 incredibili
848 1864 1050 1898 studiorum
1082 1863 1254 1897 varietate
1285 1863 1520 1910 Burdegalae‚
1555 1869 1596 1898 ut
1631 1864 1754 1903 frater,

360 1922 622 1966 philosophiam
660 1921 753 1955 serio
793 1921 986 1966 professus,
1021 1922 1059 1954 in
1092 1922 1191 1966 lyceo
1226 1920 1524 1966 Monspessulano
1559 1923 1753 1956 multorum

362 1980 631 2014 candidatorum
660 1979 901 2023 disputatione
931 1979 1074 2024 publica
1102 1979 1228 2019 victor,
1256 1978 1424 2013 Lutetiae
1455 1979 1684 2014 humaniores
1715 1992 1755 2014 ac

361 2038 618 2072 mansuetiores
645 2038 766 2071 literas
800 2038 974 2072 docendas
1005 2037 1133 2083 elegit3
1166 2041 1243 2071 tum
1274 2038 1313 2071 in
1343 2036 1577 2083 Lugdunensi
1609 2037 1755 2072 Roanae

360 2097 402 2129 ad
435 2095 595 2142 Ligerim
625 2095 837 2129 medicinam
866 2095 1014 2130 clinicen
1046 2096 1215 2135 exercuit,
1246 2106 1386 2140 semper
1414 2096 1553 2141 ingenti
1584 2096 1629 2130 ab
1658 2097 1755 2141 inge-

360 2155 419 2187 nio
447 2153 544 2188 fama
570 2157 684 2198 parta,
716 2158 758 2188 ut
788 2154 925 2187 nescias
955 2152 1093 2187 felicius
1120 2164 1166 2187 an
1192 2153 1331 2188 doctius
1358 2153 1519 2188 liberales
1546 2158 1640 2188 artes
1672 2155 1755 2188 atti-

361 2212 464 2256 gerit.
521 2211 614 2257 Ejus
646 2216 730 2245 sunt
758 2211 1034 2256 quamplurima,
1061 2211 1123 2245 sed
1149 2211 1194 2245 ad
1220 2222 1276 2244 me
1302 2210 1340 2244 hi
1367 2216 1508 2246 tantum
1535 2212 1651 2256 apices
1678 2223 1756 2256 per-

362 2273 558 2303 venerunt:

509 2326 698 2361 Orationes
717 2327 971 2361 disertissimae
1251 2327 1314 2361 lib.
1334 2336 1358 2360 1.

511 2384 622 2418 Poma
638 2383 875 2419 Autumnalia
1254 2385 1315 2419 lib.
1336 2395 1360 2418 Ι.

510 2441 590 2475 Ova
608 2441 793 2476 Paschalia
1253 2443 1313 2477 lib.
1335 2452 1359 2476 Ι.
