2032 2912
704 353 880 387 GENTIS
903 352 1180 392 SCOTORUM‚
1203 353 1292 385 LIB.
1318 354 1381 385 ΙΙΙ.
1672 354 1731 386 197

353 454 504 490 secutus,
534 449 637 483 venia
657 460 679 482 a
700 459 782 494 rege
805 448 910 482 toties
933 448 1044 492 petita
1069 459 1252 492 nunquam
1277 458 1449 487 concessa,
1476 446 1641 482 Lutetiae
1667 448 1730 481 ali-

351 507 522 549 quamdiu
538 506 664 545 haesit,
686 510 763 539 tum
781 516 825 539 ex
842 505 960 538 animo
977 505 1183 550 religionem
1203 505 1422 539 Catholicam
1440 506 1623 549 amplexus
1648 505 1730 538 hae-

350 564 457 596 resim
474 564 566 598 bona
586 563 653 597 fide
674 562 865 608 abjuravit,
886 566 923 595 et
938 562 1258 607 peregrinationem
1282 562 1480 597 Romanam
1502 573 1632 608 magno
1656 562 1731 596 ani-

350 631 408 654 mo
422 621 585 665 suscepit,
604 620 731 666 majori
750 619 949 663 complevit.
990 618 1139 663 Scripsit
1152 621 1329 665 pleraque,
1343 625 1384 654 ut
1395 624 1471 654 erat
1484 620 1731 654 amoenissimo

350 677 502 722 ingenio,
522 678 583 711 sed
600 689 665 722 ego
682 676 833 720 paucula
850 676 935 709 vidi.
988 675 1031 709 In
1048 676 1115 716 his,

499 734 703 768 Paraenesis
721 734 765 767 ad
783 733 970 767 Ministros
988 732 1110 767 scotos
1128 744 1234 778 super
1251 745 1315 768 sua
1332 734 1570 769 Conversione
1586 735 1646 769 lib,
1668 744 1692 768 Ι.

545 791 709 825 Lutetiae
726 790 859 835 prodiit
875 791 1071 825 vernacule.

494 848 622 893 Capita
639 852 864 882 controversa
1234 848 1294 883 lib.
1315 858 1339 883 1.

494 906 549 940 De
569 906 685 940 Causa
703 905 851 939 Comitis
870 905 1075 940 Bothwellii
1236 906 1296 940 lib.
1318 916 1342 940 Ι.

397 965 497 998 Obiit
514 964 552 998 in
569 963 852 1009 peregrinatione
869 963 931 997 illa
949 963 1112 997 Romana
1129 975 1222 998 anno
1241 972 1402 997 MDCVII.

844 1061 879 1095 S.
908 1061 1107 1097 CEVILO.
1159 1064 1242 1099 357.

347 1136 382 1170 S.
411 1136 579 1176 CEVILO,
606 1135 798 1170 Verdensis
828 1136 1011 1180 episcopus
1037 1145 1075 1171 v·
1120 1136 1213 1171 Eam
1240 1142 1317 1172 tum
1344 1138 1461 1171 sedem
1488 1137 1583 1172 Scoti
1609 1139 1732 1172 multis

347 1194 449 1234 annis
468 1193 646 1227 tenebant.
681 1192 821 1227 Albert.
841 1193 1031 1228 Crantzius
1055 1194 1116 1228 lib.
1137 1204 1179 1228 11.
1205 1195 1396 1240 Metropol.
1420 1206 1495 1239 cap.
1516 1204 1617 1229 xxx.
1637 1200 1672 1230 et
1690 1207 1733 1230 ex

346 1262 386 1284 eo
405 1249 581 1284 Suffridus
600 1249 728 1284 Petrus
746 1250 807 1284 lib.
829 1260 853 1284 Ι.
872 1252 915 1284 de
933 1251 1082 1297 Origine
1100 1252 1293 1286 Frisonum
1317 1263 1392 1296 cap.
1412 1261 1480 1286 XV.
1533 1253 1732 1287 Medicinae

347 1307 538 1346 studiosus,
557 1307 699 1350 scripsit

490 1363 692 1397 Dubiorum
710 1364 749 1397 in
768 1363 987 1408 Hippocrate
1005 1366 1161 1399 locorum
1181 1365 1482 1410 Explanationem
1528 1367 1588 1400 lib.
1609 1376 1634 1400 1.

492 1420 698 1454 Lectionem
717 1420 905 1454 Sacrorum
1242 1422 1245 1427 “
1526 1424 1586 1457 lib.
1607 1433 1660 1457 IV.

394 1477 497 1511 Vixit
516 1488 608 1510 anno
627 1486 868 1512 Deccxxvn.
895 1478 966 1512 Hic
979 1483 1032 1513 est
1045 1490 1089 1513 ex
1106 1480 1176 1513 illis
1190 1479 1303 1514 Scotis
1318 1481 1447 1525 quibus
1463 1485 1484 1500 ‘⁶
1496 1481 1644 1515 Carolus
1659 1481 1736 1515 Ma-

346 1535 469 1580 gnus,''
484 1535 619 1569 domita
633 1534 798 1576 Saxonia‚
814 1541 835 1555 “
848 1536 1041 1582 dignitates
1056 1538 1297 1578 concessisse,”
1311 1539 1433 1572 scribit
1447 1538 1635 1583 Philippus
1654 1538 1734 1572 Bel-

344 1592 496 1627 forestus
508 1592 568 1626 lib.
583 1601 608 1626 Ι.
628 1592 724 1627 Hist.
738 1593 896 1627 Carolor.
915 1597 950 1627 et
964 1594 1023 1627 alii
1042 1594 1202 1628 historici
1216 1593 1322 1629 Galli.
1349 1595 1454 1630 Alter
1468 1597 1499 1629 ei
1514 1607 1732 1640 synonymus

346 1656 423 1684 tum
442 1649 596 1683 vivebat.

740 1747 959 1781 THOMAS
985 1748 1214 1784 CRAGIUS.
1268 1752 1350 1783 358.

346 1822 524 1856 THOMAS
542 1822 692 1868 Cragius
711 1821 1018 1868 Edimburgensis,
1037 1822 1147 1856 nobili
1164 1823 1351 1867 utriusque
1368 1824 1511 1870 linguae
1529 1825 1730 1870 cognitione

346 1880 516 1920 imbutus,
536 1890 665 1925 magna
683 1880 843 1914 lectionis
862 1880 1044 1920 varietate,
1059 1880 1195 1925 judicio
1213 1891 1362 1921 summo,
1382 1882 1547 1916 comitate
1565 1882 1732 1921 mirabili,

345 1942 387 1970 ut
413 1948 485 1970 uno
509 1937 617 1970 verbo
640 1937 766 1977 dicam,
796 1937 1045 1971 eruditissimis
1071 1937 1201 1971 criticis
1226 1942 1287 1971 aut
1307 1938 1570 1983 jurisconsultis
1596 1940 1632 1973 in
1657 1939 1732 1972 Eu-

345 2006 431 2039 ropa
464 1994 706 2028 conferendus.
759 1993 874 2040 Cujus
904 1995 1025 2028 laudes
1056 2006 1185 2041 augere
1215 1996 1304 2029 mihi
1335 1996 1502 2030 videntur
1532 1997 1625 2031 filius
1660 1997 1732 2030 Lu-

345 2052 502 2091 dovicus,
537 2051 692 2096 equestri
727 2051 904 2097 dignitate
938 2052 976 2086 in
1010 2057 1172 2087 senatum
1210 2052 1386 2087 Scoticum
1421 2055 1576 2095 allectus,
1611 2055 1731 2094 frater,

345 2109 438 2154 regis
457 2108 611 2155 Magnae
629 2109 850 2149 Britanniae,
868 2121 988 2154 nepos,
1006 2109 1158 2144 WValliae
1175 2111 1356 2155 principis,
1380 2112 1505 2146 medici
1522 2122 1529 2145 :
1556 2113 1630 2157 ipse
1649 2123 1732 2146 vero

345 2171 386 2201 ut
404 2168 493 2200 alter
504 2166 702 2207 Maecenas,
720 2178 800 2201 cum
820 2179 958 2201 summa
975 2171 1093 2212 posset
1110 2179 1298 2212 capessere,
1316 2169 1549 2203 mediocribus
1567 2170 1636 2204 fuit
1653 2181 1732 2204 con-

346 2228 476 2264 tentus,
495 2228 530 2257 et
548 2224 788 2259 advocationis
812 2236 942 2259 munus
966 2236 1073 2270 quam
1095 2226 1266 2260 sustinuit
1289 2225 1447 2266 feliciter,
1472 2239 1579 2271 quam
1602 2229 1732 2262 meruit

346 2281 528 2315 submisse,
580 2280 672 2326 Ejus
691 2287 796 2317 sunt:

493 2339 608 2385 Leges
628 2339 851 2384 Muncipales
870 2340 1007 2375 Scotiae
1320 2341 1380 2375 lib.
1401 2350 1488 2375 VI11.

494 2395 548 2429 De
567 2396 751 2431 Scotorum
770 2397 919 2444 Origine
1320 2399 1380 2433 lib.
1402 2408 1426 2432 1.

494 2453 639 2498 Equitis
656 2453 769 2501 Angli
787 2455 971 2490 Refutatio
1320 2457 1380 2491 lib.
1401 2465 1426 2490 1.
