2032 2912
713 339 888 372 GENTIS
912 337 1187 375 SCOTORUM,
1214 338 1301 370 LIB.
1327 338 1352 369 Ι.
1685 337 1726 368 27

640 432 711 460 lude
725 431 928 465 columbanus,
942 435 1038 459 noster
1051 436 1133 469 pater
1146 435 1233 469 atque
1246 429 1391 468 magister,

676 477 801 516 Alpibus
814 477 950 511 excursis,
964 477 1104 515 acriisque
1117 477 1182 511 viis,

639 525 698 552 Hic
711 524 803 553 aderit
816 533 959 562 praesen&
973 524 1129 561 alacrisque
1143 524 1179 552 ad
1192 524 1298 562 gaudia
1311 529 1401 558 tanta,

677 571 803 608 Agmina
817 570 966 608 conjungit
979 570 1137 598 consociata
1149 570 1244 598 simul.

635 618 858 655 Conjunguntur
872 616 899 645 ei
913 616 1048 650 celebres,
1062 626 1233 655 gressusque
1245 617 1370 655 fatigant

677 663 749 692 Tres
762 673 875 702 quoque
889 663 1074 696 Francorum,
1090 663 1259 701 Scotigenae
1273 663 1389 701 pariter.

386 777 522 812 Attilae
545 777 659 811 nostri
684 777 816 821 scripta
840 788 862 810 a
885 776 1070 812 Bernardo
1093 777 1202 812 Sacco
1224 777 1427 817 laudantur,
1451 782 1485 812 et
1510 782 1595 811 sunt
1620 788 1723 822 quae-

336 835 418 869 dam
436 834 540 868 MSS.
560 835 597 868 in
615 834 837 868 Bibliotheca
853 833 991 868 Veneta
1009 834 1204 869 Marciana.

482 891 586 925 Bobii
610 891 820 925 Monasterii
838 890 1051 925 Immunitas
1219 890 1281 925 lib.
1302 899 1326 924 1.

484 947 538 982 De
557 947 802 982 Theudelinda
819 948 960 994 Regina
1223 948 1283 983 lib.
1304 957 1328 982 1.

384 1004 538 1040 Vivebat
557 1005 777 1039 sanctissime
795 1016 889 1039 anno
906 1005 1031 1039 salutis
1050 1013 1223 1039 DCXXIV.

814 1118 849 1152 S.
877 1118 1131 1154 ANDREAS.
1184 1121 1243 1153 31.

335 1233 369 1267 S.
388 1232 602 1273 ANDREAS,
622 1234 737 1267 socius
755 1232 1051 1278 peregrinationis
1065 1232 1100 1266 S.
1115 1232 1259 1271 Donati,
1275 1234 1430 1278 episcopi
1448 1234 1628 1275 Fesulani,
1646 1236 1720 1269 loca

335 1294 456 1324 sancta
482 1290 619 1323 visendi
645 1290 764 1323 studio
790 1289 992 1322 deseruerat
1019 1290 1183 1333 patriam,
1213 1294 1248 1323 et
1275 1301 1356 1324 cum
1382 1290 1499 1324 Roma
1528 1302 1720 1337 regressus,

334 1347 549 1381 eremiticam
580 1347 691 1380 vitam
721 1346 848 1380 ducere
877 1345 981 1379 ambo
1011 1346 1258 1386 decrevissent,
1289 1346 1453 1381 Donatus
1485 1348 1657 1382 divinitus
1684 1349 1721 1382 in

334 1405 536 1448 episcopum
567 1408 620 1437 est
650 1404 792 1443 electus,
823 1403 881 1437 hic
911 1413 995 1437 vero
1025 1403 1070 1437 ab
1097 1403 1219 1437 eodem
1247 1404 1416 1438 diaconus
1443 1405 1610 1448 primum,
1639 1416 1722 1439 mox

333 1461 599 1495 archidiaconus
618 1464 766 1500 creatus,
785 1467 905 1494 sancte
928 1460 1055 1505 pieque
1079 1459 1231 1494 officium
1254 1471 1360 1495 suum
1383 1461 1556 1507 implevit.
1609 1461 1722 1495 Silva-

333 1529 400 1552 nus
418 1517 553 1551 Razius
571 1518 609 1551 in
626 1517 714 1552 Vita
731 1516 793 1551 SS.
815 1516 1040 1551 Thuscorum
1059 1528 1139 1563 pag.
1159 1526 1301 1552 CLXIX.

383 1574 501 1609 Multa
518 1576 699 1619 praeclara
716 1585 823 1619 opera
840 1574 962 1614 edidit,
986 1579 1021 1608 et
1044 1575 1198 1608 maxime
1221 1575 1315 1609 inter
1331 1575 1474 1619 pietatis
1492 1580 1722 1609 monumenta

333 1632 485 1666 habetur
501 1632 756 1666 monasterium
778 1632 822 1666 ab
847 1632 925 1676 ipsa
951 1632 1145 1666 conditum.
1173 1632 1203 1665 F
1204 1643 1300 1666 rane.
1319 1632 1506 1666 Cattanius
1524 1632 1720 1672 Diacettus,

334 1690 516 1733 episcopus
534 1688 742 1729 Fesulanus,
769 1690 808 1723 in
829 1688 933 1723 Actis
958 1689 1054 1723 illius
1081 1689 1243 1723 ecclesiae
1268 1701 1350 1735 pag.
1377 1698 1567 1723 CXXXVII.
1600 1689 1719 1724 Placet

334 1746 428 1779 idem
458 1745 645 1779 Cattanius
676 1757 749 1779 non
777 1746 1010 1785 mediocriter,
1038 1746 1100 1789 qui
1130 1746 1169 1779 in
1198 1746 1416 1790 praefatione
1444 1747 1489 1780 ad
1516 1758 1605 1790 opus
1631 1747 1719 1780 illud

334 1801 516 1835 Andream
529 1802 624 1836 hunc
636 1801 672 1835 S.
688 1802 856 1848 Brigidae
870 1802 1018 1836 fratrem
1031 1807 1219 1842 asseverat,
1237 1814 1310 1836 non
1323 1803 1419 1837 illius
1433 1803 1603 1849 Brigidae
1616 1815 1717 1848 quae,

335 1863 376 1892 ut
392 1858 483 1892 libro
499 1863 667 1902 sequente
685 1859 827 1899 dicitur,
851 1858 1067 1893 obdormivit
1085 1870 1177 1892 anno
1201 1867 1351 1893 DXv111.
1376 1860 1438 1894 sed
1461 1871 1551 1905 quae
1575 1859 1722 1895 Fesulas

335 1916 473 1959 appulit
499 1926 592 1948 anno
618 1923 732 1949 neec.
756 1920 798 1950 ut
821 1916 1010 1956 Batonius,
1039 1920 1074 1949 et
1100 1915 1246 1955 Razius,
1273 1921 1380 1961 atque
1405 1917 1482 1961 ipsa
1505 1917 1655 1952 historia
1678 1918 1721 1952 de

336 1972 411 2005 vita
427 1971 522 2005 illius
540 1973 746 2016 loquuntur.
799 1972 855 2006 Ea
873 1977 1076 2007 asservatur
1094 1972 1172 2006 MS.
1192 1972 1326 2007 Romae
1350 1974 1395 2008 ad
1418 1973 1566 2009 Sanctae
1585 1974 1721 2009 Mariae

335 2027 496 2074 Majoris.
548 2028 698 2072 Scripsit
716 2040 800 2064 vero

479 2085 534 2119 De
552 2085 796 2120 Poenitentiae
814 2086 916 2120 Bono
1222 2087 1282 2121 lib.
1303 2097 1328 2122 Ι.

481 2142 536 2175 De
554 2141 809 2187 Eleemosynae
826 2142 968 2177 Effectu
1227 2144 1287 2178 lib.
1308 2154 1332 2178 Ι.

482 2198 542 2232 Ad
560 2199 703 2233 Fratres
721 2211 742 2233 a
759 2211 796 2234 se
814 2200 956 2234 indutos
1228 2201 1287 2235 lib.
1309 2210 1333 2235 Ι.

481 2255 535 2290 De
554 2255 656 2290 Actis
674 2255 807 2291 Donati
826 2257 990 2302 magistri
1224 2258 1285 2292 lib.
1305 2267 1331 2292 1.

483 2312 675 2347 Moralium
694 2313 900 2348 Dictionum
1224 2315 1286 2349 lib.
1307 2325 1332 2350 1.

385 2369 526 2404 Floruit
560 2369 709 2408 FesuIis,
744 2375 780 2404 et
814 2371 1070 2405 monasterium
1105 2372 1274 2412 condidit,
1315 2374 1577 2419 monachosque
1612 2375 1724 2410 Bene-

336 2427 486 2461 dictinos
517 2427 554 2460 in
585 2438 625 2460 eo
656 2427 851 2466 collocavit,
880 2438 975 2462 anno
1006 2436 1155 2463 Deccn.
1207 2428 1251 2463 In
1277 2433 1417 2465 sanctos
1442 2432 1573 2466 relatus
1600 2433 1728 2466 colitur
