2032 2912
324 301 339 331 1
346 301 387 331 40
703 293 936 326 HISTORIA
960 291 1269 325 ECCLESIASTI
1275 291 1335 324 CA

751 446 787 480 S.
815 444 1142 480 COLMANNUS.
1197 446 1280 478 240.

323 567 357 600 S.
382 566 642 600 COLMANNUS
669 562 772 602 alius,
802 561 878 595 sive
904 560 1156 602 Colomannus‚
1185 561 1344 607 ejusdem
1373 561 1490 607 gentis
1521 569 1556 595 et
1582 560 1717 605 profes-

322 623 430 658 sionis
464 621 668 661 monachus,
696 621 768 660 sed,
805 624 845 654 ut
875 624 974 663 puto,
1010 618 1266 653 Benedictinus
1304 618 1463 653 Huensis
1498 619 1715 653 monasterii.

322 681 497 715 Trithem.
517 679 576 712 lib.
598 687 651 712 IV.
671 679 714 712 de
727 678 806 713 Vir.
826 677 993 711 illustrib.
1013 677 1140 710 Ordin.
1154 676 1275 711 Sancti
1294 677 1490 718 Benedicti,
1507 688 1581 721 cap.
1601 686 1715 710 CLIII.

321 739 477 773 Pessime
495 737 590 770 hunc
607 736 794 770 confundit
811 746 892 769 cum
910 735 1140 779 praecedente
1158 733 1308 768 Arnold.
1329 734 1451 768 Uvion
1470 735 1533 769 lib.
1552 744 1613 769 111.
1633 735 1715 781 Lig.

320 796 425 831 Vitae
442 806 523 840 pag.
543 802 771 828 CCCXXXIX.
790 793 928 827 Anton.
947 792 1158 826 Demochar.
1186 796 1272 826 tom.
1293 801 1336 826 11.
1362 792 1486 826 Sacrif.
1507 792 1610 827 Miss.
1638 804 1714 837 cap.

321 862 471 888 XXXIX.
491 852 586 886 Petr.
607 851 786 895 Cratepol.
806 850 974 894 Episcop.
995 849 1163 884 German.
1180 849 1334 894 Aliquot
1349 855 1430 894 post
1444 851 1599 894 priorem
1614 851 1717 885 annis

320 911 451 952 floruit,
479 922 550 944 non
577 910 615 943 in
638 908 774 955 Anglia
800 912 863 942 aut
887 907 1119 947 Hebridibus‚
1143 912 1185 941 ut
1208 908 1318 951 prior,
1342 908 1403 941 sed
1429 908 1467 941 in
1489 907 1607 941 Gallia
1630 908 1717 942 Ger-

318 970 516 1013 maniaque,
543 968 703 1002 omnium
730 966 893 1000 laborum
917 969 952 999 et
976 965 1285 1010 peregrinationis,
1314 965 1386 999 imo
1411 965 1519 999 etiam
1541 966 1718 1010 martyrii,

318 1027 438 1061 Sancti
467 1026 603 1059 Kiliani
635 1025 762 1059 socius.
826 1023 904 1057 Nec
938 1023 1093 1067 episcopi
1128 1022 1305 1068 dignitate
1336 1023 1510 1063 sublimis,
1546 1024 1608 1058 sed
1643 1024 1717 1058 solo

317 1084 581 1129 presbyteratus
600 1083 724 1117 ordine
742 1085 942 1120 contentus,
960 1085 1001 1114 ut
1019 1080 1156 1125 liquido
1174 1085 1313 1115 constet
1331 1081 1420 1115 duos
1440 1093 1526 1121 esse,
1546 1086 1582 1115 et
1600 1082 1718 1116 diver-

318 1154 385 1177 sos.
439 1141 614 1187 Sigeberti
633 1140 742 1174 verba
759 1140 894 1173 suntin
912 1138 1106 1172 Chronico:
1126 1142 1147 1157 ‘⁶
1160 1137 1271 1182 Apud
1289 1138 1543 1173 VVirziburchz
1561 1144 1717 1174 castrum

317 1200 613 1235 Ostro-Franciae
648 1198 684 1232 S.
717 1195 886 1232 Kilianus
913 1207 994 1230 cum
1021 1196 1204 1240 discipulis
1232 1195 1430 1231 Colmanno
1454 1201 1489 1231 et
1516 1197 1718 1232 Tolmanno

317 1260 405 1293 clam
424 1258 681 1302 martyrizatur
698 1268 720 1290 a
737 1255 888 1290 Geilana
913 1265 1024 1288 uxore
1049 1253 1219 1288 Gozberti
1245 1255 1419 1300 principis
1443 1254 1717 1301 Wirziburgen-

317 1317 420 1356 sium,
439 1327 529 1360 quae
553 1315 703 1349 timebat
727 1314 885 1358 separari
904 1325 925 1348 a
942 1313 1020 1346 viro
1042 1323 1118 1352 su0‚
1143 1317 1315 1358 arguente
1340 1324 1419 1347 eum
1441 1312 1598 1353 Kiliano,
1622 1315 1717 1359 quod

317 1386 392 1408 eam
407 1384 554 1407 uxorem
565 1373 746 1417 quondam
759 1371 882 1406 fratris
897 1371 985 1417 eJus,
999 1370 1107 1404 etiam
1121 1370 1197 1415 ipse
1211 1382 1360 1404 uxorem
1373 1371 1521 1405 haberet
1533 1382 1542 1412 ;
1563 1383 1716 1416 quorum

317 1443 422 1471 mors,
449 1442 528 1465 cum
547 1431 609 1464 diu
633 1441 756 1464 omnes
783 1431 920 1469 lateret,
949 1428 1098 1463 Geilana
1121 1432 1156 1462 et
1178 1428 1444 1473 percussoribus
1468 1433 1671 1474 martyrum
1697 1441 1717 1463 a

317 1490 500 1523 daemonio
522 1489 685 1533 arreptis,
709 1499 833 1523 eorum
856 1486 1075 1522 confessione
1094 1487 1281 1532 divulgata
1297 1487 1382 1520 est.’'
1434 1486 1506 1526 Qui
1533 1492 1717 1531 praeterea

316 1548 423 1593 hujus
441 1547 654 1586 meminerit,
672 1558 743 1580 non
762 1546 844 1592 legi.
898 1544 991 1591 Ejus
1009 1549 1115 1579 sunt:

463 1604 517 1638 De
535 1604 630 1639 Voto
651 1603 955 1650 Peregrinationis
1240 1603 1301 1637 lib.
1323 1612 1366 1638 11.

464 1662 535 1696 Pro
554 1662 643 1695 Fide
661 1662 705 1695 ad
724 1661 856 1696 Gentes
1242 1662 1302 1695 lib.
1323 1670 1348 1695 1.

367 1720 545 1765 Martyrio
575 1724 765 1754 coronatus
801 1724 855 1754 est
883 1731 977 1754 anno
1008 1728 1194 1753 Dcxcvn.
1227 1719 1427 1763 adscriptus
1463 1718 1717 1766 Martyrologii

318 1778 470 1813 Romani
498 1778 630 1827 tabulis
655 1778 700 1811 ad
725 1777 820 1812 diem
844 1777 935 1812 Julii
962 1786 1053 1812 vlu.
1081 1777 1191 1812 Plura
1222 1777 1318 1811 infra
1347 1777 1414 1811 hoc
1442 1788 1558 1822 opere,
1583 1778 1645 1812 ubi
1675 1778 1718 1812 de

318 1836 445 1870 Sancto
464 1836 619 1870 Kiliano.

734 1936 770 1970 S.
798 1935 1159 1971 COLOMANNUS.
1212 1938 1294 1970 241.

320 2010 355 2043 S.
379 2010 678 2051 COLOMANNUS‚
704 2012 803 2057 regio
830 2011 1006 2057 sanguine
1024 2015 1136 2051 ortus,
1157 2011 1339 2045 Malcolmi
1358 2010 1388 2045 Ι.
1415 2016 1457 2045 ut
1483 2015 1582 2055 puto,
1608 2010 1715 2051 filius,

320 2067 533 2102 Ethelredus
576 2070 733 2113 primum
776 2070 904 2110 dictus,
950 2069 1041 2103 bello
1085 2069 1181 2103 civili
1224 2070 1377 2103 lacerata
1420 2069 1547 2113 patria,
1596 2070 1716 2115 gravi-

320 2130 442 2169 terque
477 2126 520 2159 de
558 2137 668 2172 regno
699 2126 872 2161 fratribus
906 2127 1000 2160 inter
1030 2138 1067 2160 se
1102 2127 1331 2166 certantibus,
1367 2127 1581 2171 optimatum
1616 2126 1716 2161 facti-

321 2193 385 2215 one
416 2183 660 2223 invalescente,
691 2186 815 2228 pulsus
849 2184 887 2217 in
925 2184 1072 2218 exilium
1109 2183 1338 2218 Germaniam
1375 2185 1499 2225 adivit,
1541 2185 1602 2219 ubi
1637 2186 1716 2219 rixa

321 2239 489 2273 subitarie
516 2246 593 2274 orta
620 2241 664 2274 ab
688 2242 852 2287 agricolis
876 2247 930 2276 est
953 2242 1172 2276 interfectus.
1224 2241 1364 2276 Auctor
1382 2242 1592 2283 Bruschius,
1612 2248 1647 2277 et
1671 2243 1714 2276 de

321 2308 360 2330 eo
383 2296 630 2338 Demochares,
651 2298 885 2343 Cratepolius,
904 2299 1036 2339 Uvion,
1062 2301 1225 2344 superius
1253 2300 1390 2334 laudati
1414 2301 1451 2333 in
1482 2300 1711 2334 Colomanno.

322 2358 341 2372 ‘⁶
355 2353 492 2387 Scotiae
508 2353 707 2400 Princeps.’'
732 2356 817 2390 LaZ.
839 2357 897 2390 lib.
919 2366 992 2390 nx.
1011 2369 1090 2403 pag.
1109 2366 1285 2392 ccccxx.
1337 2357 1541 2391 Eucharius
1556 2357 1711 2403 Sangius

320 2411 563 2457 suffraganeus
598 2412 905 2460 VVirceburgensis
936 2414 1038 2449 Orat.
1074 2416 1117 2449 de
1152 2415 1405 2450 Translatione
1440 2415 1483 2449 B.
1521 2415 1708 2455 Macharii,
