2032 2912
304 300 370 330 244
692 296 925 329 HISTORIA
949 295 1329 330 ECCLESIASTICA

307 397 356 430 les
391 394 529 429 Scotiae
564 391 789 438 Angliaeque
820 396 1011 433 testantur,
1043 394 1100 427 vel
1130 404 1225 427 anno
1251 401 1341 428 Dec.
1372 391 1397 427 J
1399 404 1531 428 oannes
1558 393 1704 429 Trithe-

306 454 410 487 mius.

357 511 568 545 Sanctorum
582 520 731 543 numero
746 509 923 553 ascriptus
938 509 1068 544 colitur
1081 510 1138 544 die
1154 517 1274 544 XXIV.
1287 508 1440 555 Aprilis.
1466 509 1707 557 Martyrolog.

308 569 459 602 Roman.
479 572 514 601 et
533 566 632 601 Beda
650 567 711 601 lib.
731 576 792 601 111.
812 579 887 612 cap.
908 576 962 602 IV.
982 572 1019 602 et
1035 568 1121 602 alibi
1141 579 1256 613 saepe.
1309 567 1417 602 Alius
1435 568 1480 603 ab
1498 568 1565 602 hoc
1583 573 1708 603 nostro

305 626 487 672 Egbertus
506 629 571 666 est,
590 636 653 659 seu
671 625 875 660 Eadbertus
893 625 1200 660 Lindisfarnensis
1220 626 1419 671 episcopus.
1445 626 1607 661 Annales
1630 626 1709 661 An-

305 684 400 730 glici.
452 683 557 723 Quod
588 695 673 718 vero
708 684 1011 730 Martyrologium
1047 685 1085 718 in
1122 684 1299 719 Hibernia
1333 685 1708 720 commemorationem

306 743 382 789 ejus
401 746 523 786 ponat,
542 743 579 776 id
597 743 640 776 de
659 742 938 783 conservatione,
966 748 1002 776 et
1028 742 1210 777 eremitica
1234 742 1311 776 vita
1334 743 1424 777 inibi
1451 748 1539 784 acta,
1567 754 1639 777 non
1665 744 1709 778 de

305 805 397 840 ortu,
412 801 684 846 intelligendum
703 811 827 834 censeo
842 811 851 841 ;
879 805 974 835 certe
992 801 1088 834 enim
1106 799 1251 834 Scotum
1267 811 1353 840 esse,
1368 801 1426 835 vel
1440 801 1594 835 Balaeus
1608 803 1707 848 genti

304 863 446 893 nostrae
464 858 577 893 hostis
590 859 736 904 juratus
763 858 901 899 asserit,
928 863 969 892 ut
996 858 1185 892 historicos
1209 862 1346 892 taceam
1372 863 1510 893 veteres
1535 863 1708 893 recentes-

303 929 382 962 que.

751 1015 787 1049 S.
815 1012 1119 1050 ERWALDUS.
1174 1014 1258 1050 446.

303 1096 322 1110 “
341 1090 377 1124 S.
397 1090 639 1125 Enwmmns
656 1090 864 1130 monachus,
891 1094 925 1125 et
944 1090 1142 1135 discipulus
1160 1089 1196 1125 S.
1217 1089 1391 1131 Kiliani,”
1418 1090 1469 1125 ait
1497 1091 1618 1126 Trith.
1645 1092 1707 1127 lib.

302 1158 362 1183 111.
382 1149 424 1182 de
442 1147 521 1182 Vir.
541 1149 653 1183 illust.
672 1148 800 1182 Ordin.
828 1148 864 1182 S.
885 1148 1071 1183 Benedicti
1098 1159 1175 1193 cap.
1195 1157 1320 1183 CXLV.
1349 1152 1371 1167 ‘⁶
1389 1150 1573 1195 martyris,
1599 1154 1707 1196 atque

299 1206 477 1252 pontificis
503 1206 786 1251 Herbipolensis‚
815 1218 979 1254 egressus
1006 1218 1088 1241 cum
1106 1218 1148 1241 eo
1166 1207 1209 1241 de
1227 1205 1347 1241 Scotia
1366 1207 1411 1241 ad
1428 1208 1707 1252 praedicandum

300 1266 450 1300 verbum
482 1265 519 1299 in
549 1265 762 1305 Franconia,
794 1266 1011 1311 martyrium
1046 1277 1128 1300 cum
1162 1265 1338 1312 magistro
1369 1270 1493 1300 sancto
1526 1265 1708 1310 perfecit.”

299 1323 375 1358 Nec
393 1324 436 1358 de
463 1324 525 1358 illo
551 1324 590 1358 in
616 1325 704 1359 actis
729 1323 868 1359 Kiliani
895 1324 1089 1369 quicquam
1115 1324 1316 1365 observavi,
1343 1334 1409 1358 nec
1435 1324 1582 1359 omnino
1609 1325 1705 1360 alibi.

299 1382 439 1427 Scripta
457 1383 650 1427 perierunt.

350 1441 491 1476 Claruit
509 1452 603 1475 anno
622 1449 811 1475 DeLxxx.
863 1440 1108 1475 conservatur
1126 1440 1204 1487 ejus
1223 1451 1323 1475 sacra
1340 1441 1513 1476 memoria
1539 1441 1596 1476 die
1615 1450 1703 1476 XIX.

300 1499 479 1534 Januarii.
538 1499 700 1534 Tabulae
719 1499 1023 1534 Constantienses.

738 1615 774 1651 S.
802 1615 1126 1651 ERLULPHUS.
1180 1617 1263 1654 447.

300 1734 335 1768 S.
364 1733 620 1769 ERLULPHUS
646 1733 841 1769 Verdensis
872 1733 1059 1778 episcopus
1086 1741 1143 1767 lx.
1175 1737 1211 1768 et
1241 1732 1392 1768 ultimus
1424 1732 1613 1769 Scotorum
1643 1734 1705 1779 qui

299 1804 375 1827 eam
394 1794 511 1828 sedem
532 1805 553 1828 a
572 1798 593 1813 ‘⁶
608 1793 738 1828 Carolo
757 1792 906 1839 Magno,
924 1792 970 1827 ob
988 1791 1166 1837 insignem
1186 1791 1278 1826 bello
1293 1791 1492 1837 Hispanico
1510 1793 1541 1827 ei
1561 1803 1705 1838 operam

297 1852 498 1891 navatam,''
517 1856 723 1886 tenuerunt.
773 1850 907 1896 Philip.
927 1849 1117 1884 Belforest.
1138 1850 1197 1884 lib.
1220 1859 1245 1885 1.
1267 1850 1407 1886 Histor.
1427 1850 1587 1886 Carolor.
1633 1850 1704 1885 Hic

298 1920 377 1943 cum
397 1910 454 1954 pie
473 1911 654 1944 ecclesiam
674 1921 775 1944 suam
798 1909 1097 1949 administrasset,
1117 1913 1138 1928 ‘⁶
1153 1920 1233 1943 cum
1253 1910 1395 1956 agmine
1414 1908 1704 1944 Christianorum

299 1979 363 2012 pro
383 1967 527 2002 Christo
547 1980 669 2002 caesus
685 1973 739 2002 est
753 1969 789 2002 in
806 1967 1087 2012 Ebbeckstorp.'’
1126 1967 1287 2002 Annales
1305 1968 1547 2002 Ecclesiastici
1561 1967 1702 2002 Albert.

300 2025 445 2060 Crantz.
465 2027 526 2060 lib.
548 2036 590 2060 11.
611 2026 802 2071 Metropol.
824 2038 899 2071 cap.
920 2034 1024 2060 XXX.
1061 2026 1208 2061 Suffrid.
1229 2026 1360 2061 Petrus
1377 2027 1437 2061 lib.
1456 2035 1481 2060 Ι.
1501 2026 1604 2073 Orig.
1624 2026 1704 2061 Fri-

300 2094 374 2117 son.
395 2095 470 2129 cap.
491 2093 559 2118 xv.
611 2083 750 2118 Anton.
769 2084 982 2118 Demochar.
1006 2085 1066 2118 lib.
1088 2095 1130 2119 11.
1150 2097 1226 2130 cap.
1246 2093 1379 2119 xxxv.
1409 2089 1430 2105 “
1448 2084 1483 2118 S.
1502 2084 1704 2130 Erlulphus

299 2140 436 2182 Scotus,
456 2143 625 2188 martyr.'’
678 2142 747 2176 Sed
765 2143 941 2176 decimum
961 2142 1038 2188 ejus
1057 2144 1150 2177 sedis
1169 2144 1367 2178 antistitem
1386 2143 1484 2184 facit,
1501 2148 1537 2178 et
1554 2144 1647 2178 locat
1665 2143 1703 2178 in

301 2209 393 2232 anno
413 2208 666 2234 DCCCLXXVI.
711 2200 853 2234 Colitur
870 2200 927 2233 die
950 2209 1053 2234 XXII.
1073 2201 1250 2236 Januarii.
1303 2201 1455 2246 Scripsit

449 2256 632 2301 Epistolas
651 2259 696 2292 ad
714 2259 874 2293 diversos
1243 2260 1304 2294 lib.
1326 2270 1351 2294 Ι.

449 2313 627 2348 Homilias
646 2317 688 2350 de
707 2315 846 2350 Sanctis
1243 2318 1305 2352 lib.
1325 2326 1351 2352 1.

352 2370 484 2405 Passus
503 2377 555 2406 est
575 2383 668 2407 anno
687 2383 947 2409 Deccxxxlx.
1000 2374 1184 2409 VValterus
1202 2376 1234 2409 ei
1253 2377 1433 2417 successit,
1464 2387 1504 2410 ac
1525 2376 1586 2410 alii
1604 2376 1702 2409 dein-

301 2439 383 2474 ceps
414 2428 584 2464 SaxoneS.
648 2430 755 2465 Alius
782 2437 836 2466 est
862 2431 1024 2466 Erlolfus
1051 2432 1159 2466 abbas
1187 2432 1443 2475 Morbacensis,
1470 2437 1506 2467 et
1532 2433 1577 2467 ab
1605 2432 1702 2466 Heu-
