2032 2912
337 306 379 337 68
721 300 953 334 HISTORIA
976 296 1352 330 ECCLESIASTICA

338 404 460 434 sancta
476 399 553 444 ejus
571 397 741 432 memoria
753 396 810 430 die
823 403 861 429 V.
877 392 1075 439 Septembr.
1091 391 1328 437 Martyrolog.
1345 389 1501 425 Roman.
1518 394 1540 410 ‘⁶
1554 389 1737 425 Monaste-

340 457 393 492 rio
412 456 530 490 Sithin
548 455 583 489 S.
603 454 744 488 Bertini
761 452 933 487 abbatis.”
975 450 1105 484 Petrus
1119 449 1275 484 Galesin.
1317 452 1339 468 ‘⁶
1356 447 1400 482 In
1417 458 1511 494 pago
1529 446 1737 481 Tervanen-

340 515 370 548 si
388 514 423 548 S.
442 512 580 547 Bertini
599 511 749 551 abbatis,
767 521 887 545 rerum
905 508 1180 548 admirabilium,
1200 511 1235 540 et
1253 506 1349 540 vitae
1368 505 1578 540 coelestibus
1592 504 1737 539 virtuti-

339 572 405 606 bus
419 571 578 604 excultae
591 569 706 615 gloria
718 566 838 602 clari.’'
864 566 992 601 Franc.
1006 564 1205 609 Maurolyc.
1220 563 1343 598 eodem
1354 563 1421 597 die.
1450 567 1472 582 “
1483 561 1594 607 Apud
1607 561 1737 608 Belgas

341 630 379 664 in
393 628 512 662 Frude
526 627 637 661 fluvio
650 627 768 660 natale
781 624 817 659 S.
832 623 974 659 Bertini
988 620 1162 657 abbatis.'’
1186 620 1211 655 J
1212 632 1291 655 oan-
1307 620 1475 655 Molanus
1488 620 1526 654 in
1538 619 1618 654 Ind.
1632 619 1739 654 Sanc-

342 692 461 721 torum
479 684 608 731 Belgii‚
627 688 664 718 et
680 683 807 717 Addit.
826 682 871 716 ad
889 679 1192 726 Martyrologium
1209 678 1379 713 Usuardi.
1431 677 1523 713 Vide
1538 678 1666 718 locum,
1686 682 1739 712 est

342 744 435 778 enim
453 742 586 788 insigni
604 741 719 787 elogio
736 741 873 785 plenus.
925 737 1075 782 Scripsit

489 799 667 844 Regulam
685 797 947 832 strictissimam
965 793 1154 829 Fratribus
1206 838 1210 841 ῃ
1283 792 1345 826 lib.
1365 801 1391 826 1.

488 855 741 890 Meditationes
1286 848 1346 884 lib.
1367 856 1392 883 1.

391 914 490 949 Obiit
508 923 601 947 anno
621 919 826 946 Dexevm.

832 1025 868 1060 S.
896 1023 1104 1059 BABILA.
1159 1021 1241 1058 126.

341 1143 376 1177 S.
395 1142 569 1181 BA131LA‚
588 1141 691 1187 virgo
710 1140 904 1179 Ursulana,
922 1139 1018 1185 regis
1036 1138 1178 1173 Siciliae
1195 1149 1239 1172 ex
1258 1137 1294 1172 S.
1314 1136 1486 1172 Geresina
1508 1138 1634 1184 regina
1657 1138 1740 1173 filia.

340 1200 434 1235 Vide
451 1199 511 1234 lib.
532 1208 557 1232 1.
576 1199 614 1232 in
632 1198 668 1232 S.
687 1195 895 1237 Adrianus,
915 1200 951 1230 et
968 1196 1029 1231 lib.
1049 1205 1121 1230 vn.
1141 1196 1202 1231 lib.
1223 1205 1298 1230 XII.
1318 1196 1380 1230 lib.
1396 1204 1486 1230 XlX·
1506 1195 1616 1237 Haec,
1631 1200 1672 1231 ut
1686 1208 1742 1231 so-

344 1268 452 1297 rores,
478 1267 550 1290 non
576 1260 649 1290 tam
676 1254 781 1289 Scota
806 1258 888 1288 ortu
914 1264 1022 1298 quam
1049 1253 1175 1288 Scotae
1200 1252 1284 1288 filia.
1336 1252 1467 1287 Petrus
1493 1253 1554 1288 lib.
1575 1262 1632 1288 IX.
1664 1265 1740 1298 cap.

344 1323 539 1349 Lxxxvn.
591 1312 770 1347 Ecclesiae
796 1311 1017 1345 Coloniensis
1043 1315 1133 1351 acta,
1160 1310 1291 1346 Petrus
1319 1309 1546 1355 Cratepolius
1574 1311 1614 1345 in
1643 1311 1741 1345 illius

343 1372 664 1416 archiepiscopatus
691 1369 920 1409 successione,
950 1367 975 1402 J
977 1379 1108 1403 oannes
1135 1367 1342 1403 Gualterius
1365 1368 1404 1402 in
1427 1366 1605 1403 Chronico
1629 1367 1743 1403 Chro-

341 1429 501 1463 nicorum
519 1439 597 1474 pag.
618 1435 791 1462 MCCLIX.

389 1486 499 1521 Passa
516 1490 569 1521 est
586 1496 680 1519 anno
697 1492 836 1518 CDLIV.
889 1483 1030 1519 Colitur
1049 1484 1106 1518 die
1125 1493 1217 1519 XXI.
1236 1484 1381 1519 Octobr.

715 1599 752 1634 S.
779 1598 1014 1635 BOISILUS
1039 1598 1220 1634 ABBAS.
1273 1601 1357 1638 127.

343 1717 378 1752 S.
399 1718 599 1757 B01SILUs‚
618 1717 725 1752 abbas
744 1715 1002 1756 Massrosensis,
1023 1721 1044 1737 ‘⁶
1062 1715 1271 1750 sublimium
1288 1716 1468 1751 virtutum
1486 1716 1682 1751 monachus
1707 1721 1741 1751 et

342 1776 532 1815 sacerdos‚'’
550 1775 602 1809 ait
621 1774 720 1809 Beda
737 1774 776 1808 in
791 1773 879 1808 Vita
893 1773 929 1808 S.
945 1773 1136 1808 Cuthberti
1155 1784 1231 1819 cap.
1245 1782 1301 1808 VI.
1316 1773 1431 1808 Fama
1444 1774 1645 1808 sanctitatis
1659 1785 1744 1808 suae

342 1845 462 1878 sparsa
479 1833 604 1872 effecit,
622 1837 663 1867 ut
681 1832 776 1867 idem
793 1832 854 1866 ille
872 1831 910 1866 S.
931 1831 1152 1866 Cuthbertus
1171 1842 1208 1865 se
1226 1831 1258 1866 ei
1276 1831 1314 1865 in
1333 1831 1559 1876 disciplinam
1573 1832 1742 1872 traderet,

342 1895 383 1925 ut
400 1891 529 1925 ibidem
547 1891 614 1925 loci
631 1890 796 1924 habetur.
849 1888 950 1924 Idem
969 1889 1127 1923 famulus
1146 1888 1214 1923 Dei
1233 1889 1430 1923 moriturus
1448 1889 1551 1922 illum
1565 1889 1643 1934 jam
1668 1900 1744 1923 mo-

342 1949 495 1982 nasticae
513 1949 607 1982 vitae
626 1948 791 1982 tirocinio
808 1947 956 1981 decurso
976 1946 1198 1981 sanctissime
1217 1950 1395 1992 agentem,
1412 1945 1615 1980 salubribus
1629 1946 1744 1980 moni-

343 2006 389 2040 tis
406 2005 584 2045 informat,
603 2009 639 2039 et
656 2005 768 2039 totius
786 2004 884 2038 vitae
902 2004 1088 2050 sigillatim
1105 2004 1284 2044 admonet,
1299 2015 1375 2049 cap.
1390 2011 1482 2037 VIII.
1505 2002 1585 2037 Hoc
1598 2003 1630 2037 ei
1644 2014 1743 2049 mag-

342 2062 483 2096 nificum
503 2062 639 2108 affingit
657 2062 812 2108 elogium
835 2062 874 2096 in
900 2062 1022 2096 eadem
1046 2061 1123 2095 vita
1146 2072 1222 2106 cap.
1250 2070 1357 2095 XXII.
1407 2065 1430 2080 ‘⁶
1447 2059 1683 2101 Venerabilis,
1708 2065 1744 2095 et

343 2131 422 2154 cum
440 2120 536 2154 omni
554 2119 822 2154 honorificentia
840 2119 1078 2153 nominandus
1097 2130 1221 2153 servus
1240 2118 1377 2154 Christi
1401 2117 1571 2158 Boisilus,
1600 2119 1662 2163 qui
1687 2129 1744 2152 me

343 2178 381 2210 in
398 2177 621 2211 Mailrosensi
639 2177 855 2211 monasterio
874 2175 998 2222 (verba
1015 2176 1127 2221 ipsius
1146 2180 1231 2210 sunt
1255 2175 1462 2221 cuthberti)
1487 2175 1667 2220 quondam
1691 2186 1743 2209 se-

343 2244 412 2268 nex
430 2234 683 2268 adolescentem
702 2234 895 2274 nutriebat,
920 2238 955 2269 et
978 2234 1073 2268 inter
1096 2234 1348 2268 enutriendum
1374 2237 1512 2273 cuncta,
1536 2243 1628 2277 quae
1652 2233 1740 2266 mihi

346 2297 446 2325 erant
463 2295 622 2331 ventura,
641 2292 848 2336 prophetica
865 2292 1016 2326 veritate
1034 2291 1246 2336 praedixit.’‘
1299 2290 1452 2335 Scripsit

488 2346 543 2380 De
561 2346 648 2381 Fide
665 2359 755 2393 quae
772 2360 835 2393 per
853 2348 1076 2384 Charitatem
1095 2354 1268 2395 operatur
1386 2347 1447 2382 lib.
1468 2355 1510 2381 1.·

488 2402 531 2438 In
550 2403 786 2451 Evangelium
806 2405 957 2441 Joannis
1380 2405 1443 2439 lib.
1463 2412 1488 2438 1.
