2032 2912
327 316 368 346 60
708 310 938 344 HISTORIA
962 306 1346 341 ECCLESIASTICA'

328 414 423 449 cunt,
443 408 503 442 sed
520 407 607 441 illud
625 406 787 445 maxime,
806 404 901 449 quod
918 403 1072 438 recentia
1088 402 1262 448 quaedam
1280 400 1436 441 nomina,
1459 404 1541 445 post
1564 404 1719 435 mortem

329 466 469 499 demum
486 463 661 498 Antonini
680 466 830 507 recepta,
848 462 886 495 in
903 472 944 495 eo
961 461 1137 507 legantur.
1190 459 1401 494 Theodorus
1421 457 1618 498 Mamilius,
1637 469 1720 502 pro-

328 521 439 555 fessor
455 531 568 564 nuper
586 519 760 559 Lutetiae,
779 530 851 552 non
872 518 979 552 unius
998 529 1098 563 opus,
1117 517 1176 552 sed
1196 517 1392 551 miscellum
1417 515 1582 560 putavit;
1611 514 1722 549 docti-

329 588 405 612 ores
431 577 589 621 plerique
612 587 684 610 non
709 575 887 609 Antonini
913 575 1068 620 quidem,
1095 575 1156 609 sed
1186 573 1333 608 alterius
1364 572 1534 617 anonymi
1565 572 1659 606 docti
1688 576 1724 605 et

329 634 466 678 antiqui
485 633 678 678 scriptoris.
729 631 811 678 Ego
829 633 931 666 illum
953 642 1025 666 non
1048 631 1272 677 conjecturiS,
1297 631 1358 665 sed
1381 634 1477 664 certa
1495 629 1572 664 MS.
1592 629 1721 664 codicis

329 691 395 724 fide
412 690 626 735 deprehendi
644 690 789 724 Scotum
807 700 891 723 esse.
944 688 1065 723 Codex
1085 689 1153 723 iste
1170 693 1225 722 est
1242 688 1337 732 apud
1355 696 1419 722 CL.
1442 695 1481 722 v.
1501 686 1547 722 D.
1567 687 1723 721 Pavillo-

329 759 426 788 num,
453 748 664 782 advocatum
692 747 939 786 parisiensem,
965 746 1004 779 in
1029 746 1235 780 membrana
1259 746 1372 789 proba
1401 756 1522 785 manu,
1541 744 1720 789 exquisito

329 805 538 845 charactere,
557 805 708 850 oblonga
732 804 857 840 forma.
882 803 1040 837 miniatis
1063 802 1312 847 pulcherrimis
1335 806 1371 836 et
1392 801 1524 836 vividis
1547 802 1722 836 coloribus

330 862 540 906 capitalibus
559 861 762 895 elementis:
788 860 837 893 ibi
857 859 1008 893 habetur
1024 860 1157 898 eadem,
1182 870 1253 903 qua
1276 859 1425 904 reliqua,
1448 869 1570 899 manu,
1597 863 1619 878 “
1637 857 1724 893 Cos-

329 919 538 964 mographia
563 918 658 952 Scoti
686 917 748 951 lib.
775 917 821 950 1.''
872 916 929 950 Ea
953 920 1008 951 est
1034 916 1174 950 Notitia
1197 916 1385 960 utriusque
1409 915 1569 960 Imperii,
1593 919 1636 949 ut
1659 926 1725 950 suo

330 976 405 1009 loco
430 975 555 1009 fusius.
608 974 703 1008 Tum
730 975 767 1008 in
793 974 872 1013 fine,
899 973 1021 1007 eadem
1047 984 1167 1013 manu,
1198 973 1384 1007 delineatis
1413 972 1567 1017 perbelle
1596 972 1722 1013 literis,

331 1036 351 1063 ‘.‘
369 1032 539 1076 Sequitur
555 1031 784 1066 Itinerarium
803 1031 899 1065 Scoti
917 1031 977 1064 lib.
997 1030 1043 1064 1.’'
1067 1031 1169 1075 quasi
1187 1034 1381 1074 utrumque
1405 1040 1494 1074 opus
1519 1035 1611 1064 esset
1634 1041 1724 1074 opus

330 1089 482 1123 auctoris
506 1089 685 1134 ejusdem;
713 1089 808 1132 quod
832 1088 870 1121 in
892 1088 1029 1132 patriae
1052 1099 1150 1122 meae
1173 1088 1279 1122 decus
1305 1088 1361 1121 vir
1379 1087 1438 1122 ille
1456 1087 1724 1122 literatissimus

329 1146 416 1179 mibi
434 1146 599 1186 ostendit,
618 1151 653 1179 et
671 1156 736 1191 ego
755 1146 876 1179 volens
895 1145 1078 1190 libensque
1095 1145 1247 1189 posteris
1266 1145 1370 1179 dono.

378 1202 558 1236 Floruisse
576 1203 718 1237 videtur
735 1213 828 1237 anno
845 1203 909 1237 sal.
924 1211 1095 1236 ccccxn.
1114 1214 1186 1247 qua
1199 1207 1409 1247 tempestate
1424 1203 1528 1237 multi
1541 1206 1721 1237 nostrates

330 1259 530 1298 exulabant,
548 1264 590 1293 ut
606 1270 725 1305 regem
744 1270 849 1293 suum
868 1259 978 1294 secuti
1002 1259 1040 1292 in
1064 1259 1207 1293 Italiam
1231 1259 1385 1299 fuerant,
1412 1259 1532 1304 ibique
1556 1270 1639 1305 rege
1666 1260 1726 1294 do-

330 1327 429 1352 mum
452 1327 622 1362 regresso,
646 1317 765 1350 sedem
789 1316 1016 1350 fortunarum
1040 1327 1186 1351 suarum
1211 1316 1373 1358 fixerant,
1399 1321 1441 1351 ut
1463 1316 1530 1351 hoc
1554 1327 1658 1360 opere
1681 1327 1726 1350 ex

331 1374 596 1407 nomenclatura
609 1373 829 1407 eruditorum
843 1374 952 1407 lector
965 1374 1137 1417 probabili
1154 1374 1231 1419 conj
1237 1378 1358 1408 ectura
1371 1374 1597 1408 assentietur.
1634 1373 1724 1413 Quis

332 1430 390 1464 ille
403 1429 521 1469 fuerit,
537 1434 609 1464 tam
628 1430 731 1464 anxie
749 1441 918 1475 quaerere
937 1441 1081 1471 vanum,
1096 1442 1203 1475 quam
1220 1431 1308 1465 scire
1322 1431 1460 1472 inutile,
1475 1435 1511 1465 et
1525 1441 1590 1477 ego
1604 1441 1724 1477 pergo.

785 1582 787 1584 ,
810 1544 1112 1580 ARTVILLUS.
1167 1548 1249 1581 108.

333 1660 584 1702 ARTVILLUS,
604 1660 825 1696 nobilissimo
842 1663 918 1696 loco
941 1663 1037 1707 apud
1062 1673 1145 1697 suos
1168 1666 1287 1703 natus,
1312 1662 1427 1708 reguli
1446 1662 1631 1708 cujusdam
1649 1663 1725 1697 sive

332 1717 432 1751 thani
458 1717 562 1758 filius,
591 1729 662 1752 non
689 1719 766 1752 leve
796 1719 933 1763 patriae
963 1723 1222 1758 ornamentum,
1255 1719 1398 1753 Guiliel.
1431 1719 1723 1753 Malmesburien.

333 1774 448 1818 patria
466 1775 635 1808 excedens
652 1773 823 1820 Angliam
841 1775 956 1819 petiit,
975 1786 1047 1809 non
1064 1776 1140 1809 sine
1158 1776 1357 1820 suspicione
1375 1776 1495 1821 aliqua
1513 1776 1697 1820 perduellii
1712 1789 1723 1820 ;

334 1832 491 1865 conscius
519 1832 612 1865 enim
640 1831 835 1876 putabatur
865 1833 979 1867 caedis
1010 1831 1212 1877 spontanae
1240 1834 1396 1879 reginae,
1426 1845 1534 1878 quam
1565 1832 1725 1868 Atholici

332 1888 460 1923 fratres
477 1900 542 1933 pro
559 1888 724 1934 Eugenio
742 1888 827 1923 V11.
846 1900 929 1935 rege
946 1890 1024 1935 ipso
1046 1890 1232 1935 gravidam
1257 1890 1506 1932 confecerunt;
1534 1901 1658 1925 verum
1683 1890 1726 1925 de

335 1957 385 1985 eo,
403 1950 444 1979 ut
461 1950 514 1980 est
531 1946 569 1979 in
587 1945 623 1979 S.
643 1945 682 1979 C.
702 1957 772 1980 non
790 1946 914 1991 liquet.
966 1946 1060 1993 Ejus
1078 1952 1173 1988 sunt,
1193 1958 1284 1992 quae
1303 1952 1426 1982 extant
1441 1958 1450 1982 ε

481 2002 536 2036 De
554 2002 675 2037 Rebus
693 2003 957 2038 Mathematicis
1269 2005 1331 2039 lib.
1353 2014 1378 2039 1.

479 2060 539 2094 Ad
556 2060 761 2094 Adhelnum
780 2059 999 2105 Episcopum
1274 2063 1334 2098 lib.
1355 2072 1381 2097 1.

383 2117 536 2152 Vivebat
561 2129 654 2151 anno
681 2126 800 2152 Dccx.
828 2123 999 2165 regnante
1025 2119 1121 2154 domi
1139 2119 1304 2167 Eugenio
1322 2119 1408 2155 VII.
1427 2121 1570 2155 sedente
1590 2120 1727 2156 Romae

337 2173 509 2220 Gregorio
527 2174 575 2209 ΙΙ.
627 2175 807 2209 Leslaeus.

669 2272 996 2315 ALEXANDER
1021 2274 1247 2311 ALESIUS.
1303 2279 1385 2315 109.

337 2344 605 2379 ALEXANDER
630 2345 784 2387 Alesius,
815 2348 932 2391 patria
957 2349 1093 2392 pulsus,
1119 2356 1207 2394 puto
1233 2351 1277 2385 ob
1303 2351 1490 2392 haeresim,
1516 2353 1651 2386 clarum
1677 2351 1725 2385 si-

338 2403 373 2437 bi
412 2403 456 2437 ab
497 2404 693 2440 eruditione
734 2417 863 2441 nomen
905 2407 943 2442 in
986 2406 1177 2443 Germania
1219 2409 1419 2454 acquisivit,
1463 2410 1644 2444 meliorem
1686 2408 1723 2441 fi-
