2032 2912
700 349 874 382 GENTIS
899 350 1175 388 SCOTORUM‚
1200 351 1289 384 LIB.
1314 352 1390 384 VII.
1673 354 1737 387 819

505 441 686 487 Epistolas
704 445 749 478 ad
766 445 854 478 alios
871 445 1064 479 Britannos
1336 446 1396 480 lib.
1416 456 1440 480 1.

407 499 545 533 Claruit
557 500 613 533 hic
627 511 689 534 rex
701 512 794 535 anno
808 510 949 535 XXCIV.
982 501 1098 540 Quam
1113 513 1220 537 verax
1233 504 1281 537 sit
1297 503 1469 545 Pstsaeus,
1484 505 1554 539 Dio
1567 505 1735 549 loquitur,

357 562 391 590 et
410 568 452 589 ex
471 567 511 590 eo
529 556 738 600 Xiphilinus
761 569 842 603 pag.
862 567 1022 592 CDXXII.
1050 563 1071 578 “
1091 558 1211 605 Hujus
1237 560 1372 594 insulae
1399 561 1606 596 Britanniae
1631 563 1737 606 paulo

356 614 474 647 minus
488 624 594 657 quam
609 614 757 648 dimidia
774 620 896 649 nostra
912 619 976 654 est,
994 626 1101 659 quam
1119 615 1269 650 Severus
1287 629 1367 651 cum
1385 619 1490 652 vellet
1504 619 1541 652 in
1558 630 1658 653 suam
1677 630 1737 662 po-

356 675 520 704 testatem
539 671 708 716 redigere,
726 672 906 717 ingressus
921 677 974 705 est
988 673 1025 705 in
1040 671 1298 707 Caledonia1n.”
1335 674 1405 715 En,
1420 675 1569 715 Pstsaee,
1583 676 1644 709 diu
1658 681 1737 719 post

354 727 602 762 Domitianum
619 728 673 762 tui
691 727 858 762 Britanni
877 728 1049 763 Romanis
1066 729 1246 773 parebant,
1266 731 1380 776 major
1397 732 1531 766 insulae
1543 743 1624 776 pars
1639 732 1737 766 Cale-

355 784 470 818 doniis
488 784 642 828 patebat,
661 790 696 819 et
720 796 778 819 eos
800 786 1076 829 aspernabatur:
1101 787 1173 820 imo
1199 787 1244 821 ad
1270 788 1333 821 hos
1360 789 1458 822 missi
1483 789 1676 823 Bassianus
1703 795 1737 823 et

356 842 447 875 Geta
462 841 603 881 fratres,
622 842 782 876 Caesaris
800 842 874 882 filii,
892 848 934 876 ut
950 854 1031 877 cum
1048 844 1180 878 nostris
1196 844 1320 879 foedus
1338 844 1494 879 ferirent.
1540 845 1686 886 Ibidem,
1703 852 1737 880 et

356 898 583 933 Herodianus
599 899 660 933 lib.
681 908 741 933 111.
759 900 798 934 in
814 900 894 934 fine.
944 900 1042 934 Haec
1059 900 1218 942 refellite,
1236 903 1264 936 si
1284 903 1443 946 potestis,
1463 902 1584 948 Angli.

697 1014 732 1048 N
735 1014 951 1049 ICOLAUS
976 1014 1260 1050 GORDONUS.
1313 1019 1395 1055 593.

357 1129 392 1162 N
396 1137 569 1164 ICOLAUS
587 1129 788 1170 Gordonus,
806 1130 862 1163 vir
880 1131 1106 1171 clarissimus,
1133 1136 1247 1166 aetate
1273 1132 1394 1166 adulta
1417 1133 1739 1167 Praemonstraten-

357 1198 428 1220 sem
448 1187 610 1220 habitum
629 1187 780 1231 sumpsit
799 1187 836 1220 in
850 1189 1064 1222 monasterio
1079 1186 1234 1229 Saulset,
1253 1200 1315 1223 seu
1333 1189 1421 1223 Sede
1438 1189 1651 1224 Animarum
1667 1201 1677 1231 ;
1705 1196 1739 1224 et

357 1255 436 1277 cum
465 1245 503 1277 in
532 1245 727 1278 monastiea
754 1245 887 1278 virtute
919 1246 1072 1279 multum
1107 1246 1321 1290 profecisset,
1358 1247 1464 1281 abbas
1495 1247 1740 1292 Tunglandiae

358 1308 507 1341 creatus,
525 1306 645 1336 sancte
663 1306 698 1335 et
715 1302 772 1346 pie
789 1301 966 1346 praefuit3
991 1303 1052 1336 sed
1070 1302 1246 1337 Gulielmo
1264 1303 1342 1337 Bell
1361 1304 1405 1337 ad
1423 1304 1600 1337 ecclesiam
1616 1304 1650 1338 S.
1666 1304 1741 1337 An-

358 1360 461 1392 dreae
479 1364 673 1403 assumpto,
691 1360 753 1403 qui
771 1360 923 1393 decanus
945 1359 1206 1394 Dunkeldensis
1229 1359 1357 1400 fuerat,
1383 1361 1441 1394 hic
1463 1365 1582 1395 noster
1605 1372 1742 1394 monas—

357 1417 447 1462 terio
465 1428 529 1450 suo
547 1421 738 1456 extractuS,
757 1417 909 1450 vicarius
928 1417 1081 1460 episcopi
1099 1417 1361 1451 Dunkeldensis
1385 1417 1509 1457 factus,
1534 1418 1573 1450 in
1596 1429 1636 1451 ea
1660 1429 1743 1451 cura

358 1474 456 1508 obiit.
510 1474 692 1507 Maximus
710 1484 794 1507 vero
818 1474 978 1507 omnium
1004 1485 1114 1518 paene
1139 1475 1342 1518 praesulum
1367 1479 1560 1508 conventus
1586 1474 1744 1508 Dunkel-

358 1532 425 1565 den
445 1531 598 1570 habitus,
617 1535 762 1575 totoque
780 1542 889 1577 regno
907 1532 1019 1565 clerus
1038 1531 1180 1565 ascitus.
1234 1530 1305 1564 Hic
1324 1532 1465 1576 scripsit

507 1588 699 1633 Synodalia
716 1589 856 1622 decreta
1243 1588 1304 1622 lib.
1325 1598 1350 1623 1.

507 1645 759 1680 Collectionem
777 1645 1083 1679 Constitutionum
1248 1645 1308 1679 lib.
1330 1655 1354 1678 1.

410 1704 574 1738 Vicarius
592 1708 668 1737 erat
687 1714 781 1736 anno
800 1711 1060 1736 MCCCXXXIV.
1079 1703 1121 1736 de
1139 1703 1238 1737 obitu
1256 1703 1430 1748 ignotum.

691 1789 693 1791 ’
725 1816 967 1851 DONA'rUs
993 1816 1243 1851 GRANTUs.
1297 1819 1378 1854 594.

362 1940 382 1954 “
410 1934 609 1967 DONATUS
639 1932 798 1967 Grantus
825 1932 1091 1971 Bethleemita,⁷’
1122 1932 1239 1976 inquit
1264 1931 1380 1965 Adam
1410 1931 1623 1965 lVodesham
1651 1934 1743 1976 apud

360 1992 536 2031 Brunum,
556 1996 577 2010 ‘⁶
595 1991 633 2024 in
651 1989 769 2024 Scotia
786 1993 880 2023 recte
897 1989 1017 2029 sensit,
1038 1990 1094 2022 vir
1111 1989 1198 2023 bene
1216 1995 1376 2023 sensatus
1400 1982 1437 2022 in
1462 2000 1500 2022 re
1526 1990 1743 2024 doctrinali.”

359 2050 446 2083 Fuit
476 2049 534 2082 hic
565 2048 711 2082 eremita
741 2047 875 2081 ordinis
905 2046 941 2080 S.
974 2046 1186 2091 Hieronymi
1216 2047 1261 2080 ad
1290 2045 1413 2080 fanum
1444 2046 1479 2080 S.
1509 2046 1676 2080 Germani
1707 2049 1744 2081 in

361 2106 479 2140 Scotia
496 2105 699 2150 professus3
725 2109 759 2139 et
780 2105 832 2138 illi
853 2109 971 2148 patres
997 2104 1091 2148 apud
1116 2109 1291 2138 nostrates
1316 2103 1570 2138 Bethleemitae
1597 2105 1746 2138 audiunt

360 2165 404 2198 ab
422 2176 463 2198 ea
480 2164 577 2203 urbe,
598 2174 706 2207 quam
723 2162 871 2196 humani
889 2162 1027 2207 generis
1045 2165 1198 2195 assertor
1215 2166 1297 2195 ortu
1318 2172 1382 2195 suo
1409 2162 1593 2205 temporali
1620 2163 1748 2195 sancti-

360 2221 490 2260 ficavit,
517 2226 553 2255 et
577 2226 700 2264 postea
718 2219 754 2253 S.
776 2219 1029 2263 Hieronymus,
1048 2219 1210 2252 ecclesiae
1227 2218 1359 2258 doctor,
1377 2219 1535 2252 incoluit.
1591 2218 1650 2251 Ad
1668 2230 1748 2252 eum

360 2279 433 2312 illic
462 2278 683 2314 sanctissime
715 2281 878 2323 agentem
909 2276 1086 2310 maximus
1116 2281 1192 2310 toto
1227 2275 1310 2310 orbe
1340 2287 1529 2310 concursus
1563 2276 1749 2309 monacho-

361 2347 452 2376 rum,
478 2340 518 2370 ut
542 2336 617 2380 ipse
640 2335 819 2379 prooemio
846 2334 890 2368 ad
914 2333 975 2367 lib.
1003 2342 1075 2367 Vn.
1103 2333 1141 2366 in
1167 2332 1400 2373 Ezechielem,
1428 2338 1464 2367 et
1489 2333 1533 2367 ad
1561 2332 1749 2366 Paulinum

361 2393 463 2438 epist.
488 2401 581 2426 xnl.
608 2393 738 2427 diserte
764 2391 907 2431 scribit;
936 2396 972 2425 et
996 2391 1039 2424 de
1065 2390 1178 2425 Scotis
1204 2391 1334 2425 nostris
1361 2391 1454 2424 idem
1485 2391 1586 2434 epist.
1615 2398 1681 2423 XV.
1708 2391 1750 2423 ad

1022 2451 1042 2481 2
1062 2456 1088 2480 U
