<?xml version="1.0" encoding="UTF-8"?>
<!DOCTYPE html PUBLIC "-//W3C//DTD XHTML 1.0 Transitional//EN"
    "http://www.w3.org/TR/xhtml1/DTD/xhtml1-transitional.dtd">
<html xmlns="http://www.w3.org/1999/xhtml" xml:lang="en" lang="en">
 <head>
  <title>
</title>
<meta http-equiv="Content-Type" content="text/html;charset=utf-8" />
  <meta name='ocr-system' content='tesseract 3.04.00' />
  <meta name='ocr-capabilities' content='ocr_page ocr_carea ocr_par ocr_line ocrx_word'/>
</head>
<body>
  <div class='ocr_page' id='page_1' title='image "./thomaedempste2101dempuoft_0335.png"; bbox 0 0 2032 2912; ppageno 0'>
   <div class='ocr_carea' id='block_1_1' title="bbox 727 359 1735 393">
    <p class='ocr_par' dir='ltr' id='par_1_1' title="bbox 727 359 1735 393">
     <span class='ocr_line' id='line_1_1' title="bbox 727 359 1735 393; baseline -0.001 -2"><span class='ocrx_word' id='word_1_1' title='bbox 727 359 957 392; x_wconf 89' lang='lat' dir='ltr'><strong>HISTORIA</strong></span> <span class='ocrx_word' id='word_1_2' title='bbox 982 360 1362 393; x_wconf 86' lang='lat' dir='ltr'><strong>ECCLESIASTICA.</strong></span> <span class='ocrx_word' id='word_1_3' title='bbox 1673 361 1735 393; x_wconf 72' lang='lat'><strong>273</strong></span> 
     </span>
    </p>
   </div>
   <div class='ocr_carea' id='block_1_2' title="bbox 347 453 1737 1133">
    <p class='ocr_par' dir='ltr' id='par_1_2' title="bbox 347 453 1736 1064">
     <span class='ocr_line' id='line_1_2' title="bbox 349 453 1730 499; baseline 0 -12"><span class='ocrx_word' id='word_1_4' title='bbox 349 453 532 499; x_wconf 86' lang='lat' dir='ltr'><strong>episcopus</strong></span> <span class='ocrx_word' id='word_1_5' title='bbox 550 453 695 498; x_wconf 89' lang='lat' dir='ltr'><strong>quidam</strong></span> <span class='ocrx_word' id='word_1_6' title='bbox 713 454 940 489; x_wconf 85' lang='lat' dir='ltr'><strong>laudabiliter</strong></span> <span class='ocrx_word' id='word_1_7' title='bbox 957 455 1211 499; x_wconf 82' lang='lat' dir='ltr'><strong>praedicandus</strong></span> <span class='ocrx_word' id='word_1_8' title='bbox 1230 455 1373 489; x_wconf 88' lang='lat' dir='ltr'><strong>nomine</strong></span> <span class='ocrx_word' id='word_1_9' title='bbox 1391 455 1557 495; x_wconf 85' lang='lat' dir='ltr'>Faustus,</span> <span class='ocrx_word' id='word_1_10' title='bbox 1584 455 1645 499; x_wconf 92' lang='lat' dir='ltr'><strong>qui</strong></span> <span class='ocrx_word' id='word_1_11' title='bbox 1667 466 1730 498; x_wconf 84' lang='lat' dir='ltr'><strong>pro</strong></span> 
     </span>
     <span class='ocr_line' id='line_1_3' title="bbox 349 510 1732 559; baseline 0.001 -15"><span class='ocrx_word' id='word_1_12' title='bbox 349 510 416 545; x_wconf 90' lang='lat' dir='ltr'><strong>fide</strong></span> <span class='ocrx_word' id='word_1_13' title='bbox 434 511 617 546; x_wconf 86' lang='lat' dir='ltr'><strong>Catholica</strong></span> <span class='ocrx_word' id='word_1_14' title='bbox 636 512 741 557; x_wconf 89' lang='lat' dir='ltr'><strong>longe</strong></span> <span class='ocrx_word' id='word_1_15' title='bbox 758 522 778 545; x_wconf 90' lang='lat' dir='ltr'><strong>a</strong></span> <span class='ocrx_word' id='word_1_16' title='bbox 797 511 964 546; x_wconf 85' lang='lat' dir='ltr'><strong>cathedra</strong></span> <span class='ocrx_word' id='word_1_17' title='bbox 981 523 1046 546; x_wconf 89' lang='lat' dir='ltr'><strong>sua</strong></span> <span class='ocrx_word' id='word_1_18' title='bbox 1064 513 1187 558; x_wconf 87' lang='lat' dir='ltr'><strong>jussus</strong></span> <span class='ocrx_word' id='word_1_19' title='bbox 1205 512 1321 547; x_wconf 85' lang='lat' dir='ltr'><strong>fuerat</strong></span> <span class='ocrx_word' id='word_1_20' title='bbox 1338 513 1519 559; x_wconf 88' lang='lat' dir='ltr'><strong>relegari.&#39;’</strong></span> <span class='ocrx_word' id='word_1_21' title='bbox 1571 511 1621 546; x_wconf 87' lang='lat' dir='ltr'><strong>Et</strong></span> <span class='ocrx_word' id='word_1_22' title='bbox 1638 516 1732 556; x_wconf 90' lang='lat' dir='ltr'><strong>post-</strong></span> 
     </span>
     <span class='ocr_line' id='line_1_4' title="bbox 350 568 1732 615; baseline 0.001 -12"><span class='ocrx_word' id='word_1_23' title='bbox 350 580 391 603; x_wconf 85' lang='lat' dir='ltr'><strong>ea</strong></span> <span class='ocrx_word' id='word_1_24' title='bbox 408 569 513 609; x_wconf 89' lang='lat' dir='ltr'><strong>idem,</strong></span> <span class='ocrx_word' id='word_1_25' title='bbox 531 569 654 613; x_wconf 88' lang='lat' dir='ltr'><strong>paucis</strong></span> <span class='ocrx_word' id='word_1_26' title='bbox 672 569 867 614; x_wconf 85' lang='lat' dir='ltr'><strong>interjectis</strong></span> <span class='ocrx_word' id='word_1_27' title='bbox 881 580 890 602; x_wconf 90' lang='lat'>:</span> <span class='ocrx_word' id='word_1_28' title='bbox 903 573 934 589; x_wconf 90' lang='lat'><strong>·“</strong></span> <span class='ocrx_word' id='word_1_29' title='bbox 947 568 1168 614; x_wconf 88' lang='lat' dir='ltr'><strong>Supplicanti</strong></span> <span class='ocrx_word' id='word_1_30' title='bbox 1186 581 1394 604; x_wconf 88' lang='lat' dir='ltr'><strong>consensum</strong></span> <span class='ocrx_word' id='word_1_31' title='bbox 1412 570 1575 615; x_wconf 86' lang='lat' dir='ltr'><strong>praebuit</strong></span> <span class='ocrx_word' id='word_1_32' title='bbox 1588 569 1624 604; x_wconf 87' lang='lat' dir='ltr'><strong>S.</strong></span> <span class='ocrx_word' id='word_1_33' title='bbox 1640 569 1732 604; x_wconf 87' lang='lat' dir='ltr'><strong>Fau-</strong></span> 
     </span>
     <span class='ocr_line' id='line_1_5' title="bbox 348 625 1733 671; baseline 0 -11"><span class='ocrx_word' id='word_1_34' title='bbox 348 627 457 660; x_wconf 86' lang='lat' dir='ltr'><strong>stus.’&#39;</strong></span> <span class='ocrx_word' id='word_1_35' title='bbox 494 626 693 671; x_wconf 83' lang='lat' dir='ltr'>Episcopus</span> <span class='ocrx_word' id='word_1_36' title='bbox 712 625 912 660; x_wconf 89' lang='lat' dir='ltr'><strong>Germanus</strong></span> <span class='ocrx_word' id='word_1_37' title='bbox 929 625 1133 661; x_wconf 85' lang='lat' dir='ltr'><strong>Lerinensis</strong></span> <span class='ocrx_word' id='word_1_38' title='bbox 1151 628 1189 660; x_wconf 90' lang='lat' dir='ltr'><strong>in</strong></span> <span class='ocrx_word' id='word_1_39' title='bbox 1206 628 1355 671; x_wconf 84' lang='lat' dir='ltr'><strong>epistola</strong></span> <span class='ocrx_word' id='word_1_40' title='bbox 1371 628 1416 662; x_wconf 86' lang='lat' dir='ltr'><strong>ad</strong></span> <span class='ocrx_word' id='word_1_41' title='bbox 1433 628 1633 662; x_wconf 88' lang='lat' dir='ltr'><strong>Arnoldum</strong></span> <span class='ocrx_word' id='word_1_42' title='bbox 1652 626 1733 661; x_wconf 92' lang='lat' dir='ltr'><strong>Bel-</strong></span> 
     </span>
     <span class='ocr_line' id='line_1_6' title="bbox 348 683 1732 731; baseline 0.001 -14"><span class='ocrx_word' id='word_1_43' title='bbox 348 695 442 730; x_wconf 88' lang='lat' dir='ltr'><strong>gam,</strong></span> <span class='ocrx_word' id='word_1_44' title='bbox 467 690 503 718; x_wconf 90' lang='lat' dir='ltr'><strong>et</strong></span> <span class='ocrx_word' id='word_1_45' title='bbox 528 684 669 718; x_wconf 89' lang='lat' dir='ltr'><strong>tabulae</strong></span> <span class='ocrx_word' id='word_1_46' title='bbox 695 683 900 717; x_wconf 84' lang='lat' dir='ltr'><strong>Lerinensis</strong></span> <span class='ocrx_word' id='word_1_47' title='bbox 926 685 1143 718; x_wconf 82' lang='lat' dir='ltr'><strong>monasterii.</strong></span> <span class='ocrx_word' id='word_1_48' title='bbox 1196 684 1341 718; x_wconf 86' lang='lat' dir='ltr'>Celebre</span> <span class='ocrx_word' id='word_1_49' title='bbox 1366 696 1495 719; x_wconf 88' lang='lat' dir='ltr'><strong>nomen</strong></span> <span class='ocrx_word' id='word_1_50' title='bbox 1522 686 1630 731; x_wconf 87' lang='lat' dir='ltr'><strong>hujus</strong></span> <span class='ocrx_word' id='word_1_51' title='bbox 1656 690 1732 719; x_wconf 88' lang='lat' dir='ltr'><strong>erat</strong></span> 
     </span>
     <span class='ocr_line' id='line_1_7' title="bbox 349 740 1733 787; baseline 0 -12"><span class='ocrx_word' id='word_1_52' title='bbox 349 741 394 775; x_wconf 94' lang='lat' dir='ltr'><strong>ob</strong></span> <span class='ocrx_word' id='word_1_53' title='bbox 411 741 635 775; x_wconf 86' lang='lat' dir='ltr'><strong>sanctitatem</strong></span> <span class='ocrx_word' id='word_1_54' title='bbox 654 753 717 787; x_wconf 91' lang='lat' dir='ltr'><strong>per</strong></span> <span class='ocrx_word' id='word_1_55' title='bbox 735 740 892 781; x_wconf 81' lang='lat' dir='ltr'><strong>Gallias3</strong></span> <span class='ocrx_word' id='word_1_56' title='bbox 916 752 987 785; x_wconf 90' lang='lat' dir='ltr'><strong>qua</strong></span> <span class='ocrx_word' id='word_1_57' title='bbox 1004 752 1120 782; x_wconf 89' lang='lat' dir='ltr'><strong>causa,</strong></span> <span class='ocrx_word' id='word_1_58' title='bbox 1145 746 1181 776; x_wconf 87' lang='lat' dir='ltr'><strong>et</strong></span> <span class='ocrx_word' id='word_1_59' title='bbox 1203 742 1349 776; x_wconf 89' lang='lat' dir='ltr'><strong>basilica</strong></span> <span class='ocrx_word' id='word_1_60' title='bbox 1374 743 1406 776; x_wconf 89' lang='lat' dir='ltr'><strong>ei</strong></span> <span class='ocrx_word' id='word_1_61' title='bbox 1432 747 1556 782; x_wconf 87' lang='lat' dir='ltr'><strong>erecta,</strong></span> <span class='ocrx_word' id='word_1_62' title='bbox 1583 749 1618 777; x_wconf 90' lang='lat' dir='ltr'><strong>et</strong></span> <span class='ocrx_word' id='word_1_63' title='bbox 1636 743 1733 776; x_wconf 87' lang='lat' dir='ltr'><strong>Mar-</strong></span> 
     </span>
     <span class='ocr_line' id='line_1_8' title="bbox 349 797 1734 844; baseline 0.001 -12"><span class='ocrx_word' id='word_1_64' title='bbox 349 798 528 844; x_wconf 86' lang='lat' dir='ltr'><strong>tyrologio</strong></span> <span class='ocrx_word' id='word_1_65' title='bbox 563 800 740 844; x_wconf 87' lang='lat' dir='ltr'><strong>ascriptus</strong></span> <span class='ocrx_word' id='word_1_66' title='bbox 774 799 874 843; x_wconf 86' lang='lat' dir='ltr'><strong>ipse:</strong></span> <span class='ocrx_word' id='word_1_67' title='bbox 908 810 929 832; x_wconf 86' lang='lat' dir='ltr'><strong>a</strong></span> <span class='ocrx_word' id='word_1_68' title='bbox 962 797 1100 833; x_wconf 90' lang='lat' dir='ltr'><strong>Joanne</strong></span> <span class='ocrx_word' id='word_1_69' title='bbox 1135 799 1280 833; x_wconf 90' lang='lat' dir='ltr'><strong>Molano</strong></span> <span class='ocrx_word' id='word_1_70' title='bbox 1314 799 1352 832; x_wconf 90' lang='lat' dir='ltr'><strong>in</strong></span> <span class='ocrx_word' id='word_1_71' title='bbox 1388 799 1642 834; x_wconf 87' lang='lat' dir='ltr'><strong>Additionibus</strong></span> <span class='ocrx_word' id='word_1_72' title='bbox 1676 811 1734 834; x_wconf 87' lang='lat' dir='ltr'><strong>ex-</strong></span> 
     </span>
     <span class='ocr_line' id='line_1_9' title="bbox 347 856 1733 902; baseline 0.001 -13"><span class='ocrx_word' id='word_1_73' title='bbox 347 861 501 900; x_wconf 89' lang='lat' dir='ltr'><strong>punctus</strong></span> <span class='ocrx_word' id='word_1_74' title='bbox 525 856 698 902; x_wconf 89' lang='lat' dir='ltr'><strong>injuriose</strong></span> <span class='ocrx_word' id='word_1_75' title='bbox 719 856 849 897; x_wconf 87' lang='lat' dir='ltr'><strong>fuerat,</strong></span> <span class='ocrx_word' id='word_1_76' title='bbox 873 856 968 901; x_wconf 89' lang='lat' dir='ltr'><strong>quod</strong></span> <span class='ocrx_word' id='word_1_77' title='bbox 994 860 1029 891; x_wconf 90' lang='lat' dir='ltr'><strong>et</strong></span> <span class='ocrx_word' id='word_1_78' title='bbox 1055 856 1185 891; x_wconf 87' lang='lat' dir='ltr'><strong>Caesar</strong></span> <span class='ocrx_word' id='word_1_79' title='bbox 1207 856 1384 890; x_wconf 88' lang='lat' dir='ltr'><strong>Baronius</strong></span> <span class='ocrx_word' id='word_1_80' title='bbox 1410 862 1495 891; x_wconf 89' lang='lat' dir='ltr'><strong>tom.</strong></span> <span class='ocrx_word' id='word_1_81' title='bbox 1522 866 1576 891; x_wconf 84' lang='lat' dir='ltr'><strong>v1.</strong></span> <span class='ocrx_word' id='word_1_82' title='bbox 1603 857 1733 891; x_wconf 91' lang='lat' dir='ltr'><strong>Annal.</strong></span> 
     </span>
     <span class='ocr_line' id='line_1_10' title="bbox 349 913 1736 959; baseline 0.001 -13"><span class='ocrx_word' id='word_1_83' title='bbox 349 913 630 954; x_wconf 82' lang='lat' dir='ltr'><strong>confirmaverat,</strong></span> <span class='ocrx_word' id='word_1_84' title='bbox 657 915 694 948; x_wconf 93' lang='lat' dir='ltr'><strong>in</strong></span> <span class='ocrx_word' id='word_1_85' title='bbox 720 914 913 959; x_wconf 89' lang='lat' dir='ltr'><strong>appendice</strong></span> <span class='ocrx_word' id='word_1_86' title='bbox 936 918 1056 948; x_wconf 85' lang='lat' dir='ltr'><strong>tamen</strong></span> <span class='ocrx_word' id='word_1_87' title='bbox 1081 915 1126 948; x_wconf 89' lang='lat' dir='ltr'><strong>ad</strong></span> <span class='ocrx_word' id='word_1_88' title='bbox 1152 918 1237 948; x_wconf 86' lang='lat' dir='ltr'><strong>tom.</strong></span> <span class='ocrx_word' id='word_1_89' title='bbox 1257 922 1298 947; x_wconf 85' lang='lat' dir='ltr'><strong>x.</strong></span> <span class='ocrx_word' id='word_1_90' title='bbox 1325 914 1536 948; x_wconf 87' lang='lat' dir='ltr'><strong>sententiam</strong></span> <span class='ocrx_word' id='word_1_91' title='bbox 1562 914 1658 947; x_wconf 88' lang='lat' dir='ltr'><strong>illam</strong></span> <span class='ocrx_word' id='word_1_92' title='bbox 1684 925 1736 948; x_wconf 92' lang='lat' dir='ltr'><strong>re-</strong></span> 
     </span>
     <span class='ocr_line' id='line_1_11' title="bbox 348 971 1735 1017; baseline 0 -12"><span class='ocrx_word' id='word_1_93' title='bbox 348 976 490 1012; x_wconf 83' lang='lat' dir='ltr'><strong>tractat,</strong></span> <span class='ocrx_word' id='word_1_94' title='bbox 519 982 670 1016; x_wconf 89' lang='lat' dir='ltr'><strong>eumque</strong></span> <span class='ocrx_word' id='word_1_95' title='bbox 698 973 791 1007; x_wconf 91' lang='lat' dir='ltr'><strong>inter</strong></span> <span class='ocrx_word' id='word_1_96' title='bbox 821 976 959 1006; x_wconf 86' lang='lat' dir='ltr'><strong>sanctos</strong></span> <span class='ocrx_word' id='word_1_97' title='bbox 990 972 1231 1007; x_wconf 90' lang='lat' dir='ltr'><strong>collocandum</strong></span> <span class='ocrx_word' id='word_1_98' title='bbox 1261 976 1364 1016; x_wconf 89' lang='lat' dir='ltr'><strong>putat</strong></span> <span class='ocrx_word' id='word_1_99' title='bbox 1392 977 1426 1006; x_wconf 90' lang='lat' dir='ltr'><strong>et</strong></span> <span class='ocrx_word' id='word_1_100' title='bbox 1452 977 1579 1006; x_wconf 86' lang='lat' dir='ltr'><strong>censet.</strong></span> <span class='ocrx_word' id='word_1_101' title='bbox 1644 971 1735 1017; x_wconf 83' lang='lat' dir='ltr'><strong>Ejus</strong></span> 
     </span>
     <span class='ocr_line' id='line_1_12' title="bbox 349 1034 455 1064; baseline 0.009 -1"><span class='ocrx_word' id='word_1_102' title='bbox 349 1034 455 1064; x_wconf 81' lang='lat' dir='ltr'><strong>sunt:</strong></span> 
     </span>
    </p>

    <p class='ocr_par' dir='ltr' id='par_1_3' title="bbox 495 1086 1737 1133">
     <span class='ocr_line' id='line_1_13' title="bbox 495 1086 1737 1133; baseline 0 -12"><span class='ocrx_word' id='word_1_103' title='bbox 495 1087 718 1128; x_wconf 89' lang='lat' dir='ltr'><strong>Admonitio,</strong></span> <span class='ocrx_word' id='word_1_104' title='bbox 753 1093 839 1122; x_wconf 87' lang='lat' dir='ltr'><strong>tom.</strong></span> <span class='ocrx_word' id='word_1_105' title='bbox 876 1096 913 1122; x_wconf 86' lang='lat' dir='ltr'><strong>V.</strong></span> <span class='ocrx_word' id='word_1_106' title='bbox 956 1087 1200 1133; x_wconf 86' lang='lat' dir='ltr'><strong>Antiquarum</strong></span> <span class='ocrx_word' id='word_1_107' title='bbox 1236 1089 1445 1123; x_wconf 87' lang='lat' dir='ltr'><strong>Lectionum</strong></span> <span class='ocrx_word' id='word_1_108' title='bbox 1490 1086 1636 1121; x_wconf 85' lang='lat' dir='ltr'><strong>Henrici</strong></span> <span class='ocrx_word' id='word_1_109' title='bbox 1671 1087 1737 1121; x_wconf 87' lang='lat' dir='ltr'><strong>Ca·</strong></span> 
     </span>
    </p>
   </div>
   <div class='ocr_carea' id='block_1_3' title="bbox 496 1146 1545 1353">
    <p class='ocr_par' dir='ltr' id='par_1_4' title="bbox 496 1146 1545 1353">
     <span class='ocr_line' id='line_1_14' title="bbox 548 1146 1196 1186; baseline 0.002 -7"><span class='ocrx_word' id='word_1_110' title='bbox 548 1146 643 1186; x_wconf 89' lang='lat' dir='ltr'><strong>nisii,</strong></span> <span class='ocrx_word' id='word_1_111' title='bbox 1090 1146 1150 1180; x_wconf 89' lang='lat' dir='ltr'><strong>lib.</strong></span> <span class='ocrx_word' id='word_1_112' title='bbox 1171 1155 1196 1180; x_wconf 85' lang='grc' dir='ltr'><strong>Ι.</strong></span> 
     </span>
     <span class='ocr_line' id='line_1_15' title="bbox 498 1202 1472 1247; baseline 0 -10"><span class='ocrx_word' id='word_1_113' title='bbox 498 1202 684 1247; x_wconf 88' lang='lat' dir='ltr'><strong>Epistolae</strong></span> <span class='ocrx_word' id='word_1_114' title='bbox 703 1204 748 1237; x_wconf 88' lang='lat' dir='ltr'><strong>ad</strong></span> <span class='ocrx_word' id='word_1_115' title='bbox 766 1203 956 1237; x_wconf 88' lang='lat' dir='ltr'><strong>Ruricium</strong></span> <span class='ocrx_word' id='word_1_116' title='bbox 1088 1204 1149 1237; x_wconf 91' lang='lat' dir='ltr'><strong>lib.</strong></span> <span class='ocrx_word' id='word_1_117' title='bbox 1170 1213 1195 1237; x_wconf 91' lang='lat'><strong>1.</strong></span> <span class='ocrx_word' id='word_1_118' title='bbox 1240 1203 1375 1238; x_wconf 90' lang='lat' dir='ltr'><strong>Ibidem</strong></span> <span class='ocrx_word' id='word_1_119' title='bbox 1394 1203 1472 1237; x_wconf 90' lang='lat' dir='ltr'><strong>loci.</strong></span> 
     </span>
     <span class='ocr_line' id='line_1_16' title="bbox 497 1260 1545 1296; baseline -0.002 -1"><span class='ocrx_word' id='word_1_120' title='bbox 497 1261 582 1295; x_wconf 89' lang='lat' dir='ltr'><strong>Alia</strong></span> <span class='ocrx_word' id='word_1_121' title='bbox 599 1261 637 1294; x_wconf 87' lang='lat' dir='ltr'><strong>iu</strong></span> <span class='ocrx_word' id='word_1_122' title='bbox 656 1261 879 1295; x_wconf 87' lang='lat' dir='ltr'><strong>Bibliotheca</strong></span> <span class='ocrx_word' id='word_1_123' title='bbox 897 1260 959 1295; x_wconf 91' lang='lat' dir='ltr'><strong>SS.</strong></span> <span class='ocrx_word' id='word_1_124' title='bbox 979 1260 1130 1295; x_wconf 91' lang='lat' dir='ltr'><strong>Patrum</strong></span> <span class='ocrx_word' id='word_1_125' title='bbox 1148 1266 1234 1296; x_wconf 86' lang='lat' dir='ltr'><strong>tom.</strong></span> <span class='ocrx_word' id='word_1_126' title='bbox 1254 1271 1315 1296; x_wconf 91' lang='lat'><strong>111.</strong></span> <span class='ocrx_word' id='word_1_127' title='bbox 1333 1265 1369 1295; x_wconf 91' lang='lat' dir='ltr'><strong>et</strong></span> <span class='ocrx_word' id='word_1_128' title='bbox 1386 1268 1472 1295; x_wconf 89' lang='lat' dir='ltr'><strong>tom.</strong></span> <span class='ocrx_word' id='word_1_129' title='bbox 1493 1269 1545 1294; x_wconf 80' lang='lat' dir='ltr'><strong>lv,</strong></span> 
     </span>
     <span class='ocr_line' id='line_1_17' title="bbox 496 1318 1196 1353; baseline 0 -1"><span class='ocrx_word' id='word_1_130' title='bbox 496 1318 620 1353; x_wconf 88' lang='lat' dir='ltr'><strong>Sermo</strong></span> <span class='ocrx_word' id='word_1_131' title='bbox 637 1319 682 1352; x_wconf 91' lang='lat' dir='ltr'><strong>ad</strong></span> <span class='ocrx_word' id='word_1_132' title='bbox 701 1318 898 1353; x_wconf 89' lang='lat' dir='ltr'><strong>Monachos</strong></span> <span class='ocrx_word' id='word_1_133' title='bbox 1089 1318 1150 1353; x_wconf 90' lang='lat' dir='ltr'><strong>lib.</strong></span> <span class='ocrx_word' id='word_1_134' title='bbox 1170 1328 1196 1353; x_wconf 92' lang='lat'><strong>1.</strong></span> 
     </span>
    </p>
   </div>
   <div class='ocr_carea' id='block_1_4' title="bbox 348 1375 1740 1884">
    <p class='ocr_par' dir='ltr' id='par_1_5' title="bbox 495 1375 1214 1584">
     <span class='ocr_line' id='line_1_18' title="bbox 495 1375 1198 1411; baseline 0 -1"><span class='ocrx_word' id='word_1_135' title='bbox 495 1376 715 1410; x_wconf 82' lang='lat' dir='ltr'><strong>Exhortatio</strong></span> <span class='ocrx_word' id='word_1_136' title='bbox 732 1377 777 1410; x_wconf 88' lang='lat' dir='ltr'><strong>ad</strong></span> <span class='ocrx_word' id='word_1_137' title='bbox 795 1376 923 1410; x_wconf 91' lang='lat' dir='ltr'><strong>bonam</strong></span> <span class='ocrx_word' id='word_1_138' title='bbox 941 1375 1065 1411; x_wconf 88' lang='lat' dir='ltr'><strong>Vitam</strong></span> <span class='ocrx_word' id='word_1_139' title='bbox 1090 1376 1151 1410; x_wconf 91' lang='lat' dir='ltr'><strong>lib.</strong></span> <span class='ocrx_word' id='word_1_140' title='bbox 1172 1386 1198 1411; x_wconf 89' lang='lat'><strong>1.</strong></span> 
     </span>
     <span class='ocr_line' id='line_1_19' title="bbox 496 1433 1200 1469; baseline -0.003 0"><span class='ocrx_word' id='word_1_141' title='bbox 496 1433 676 1469; x_wconf 88' lang='lat' dir='ltr'><strong>Professio</strong></span> <span class='ocrx_word' id='word_1_142' title='bbox 694 1434 797 1468; x_wconf 89' lang='lat' dir='ltr'><strong>Fidei</strong></span> <span class='ocrx_word' id='word_1_143' title='bbox 815 1434 860 1468; x_wconf 89' lang='lat' dir='ltr'><strong>ad</strong></span> <span class='ocrx_word' id='word_1_144' title='bbox 878 1434 1070 1469; x_wconf 91' lang='lat' dir='ltr'><strong>Leontium</strong></span> <span class='ocrx_word' id='word_1_145' title='bbox 1094 1434 1155 1468; x_wconf 92' lang='lat' dir='ltr'><strong>lib.</strong></span> <span class='ocrx_word' id='word_1_146' title='bbox 1175 1443 1200 1467; x_wconf 83' lang='lat'><strong>1.</strong></span> 
     </span>
     <span class='ocr_line' id='line_1_20' title="bbox 499 1491 1200 1526; baseline -0.001 -1"><span class='ocrx_word' id='word_1_147' title='bbox 499 1491 661 1526; x_wconf 90' lang='lat' dir='ltr'><strong>Homilia</strong></span> <span class='ocrx_word' id='word_1_148' title='bbox 678 1492 722 1526; x_wconf 88' lang='lat' dir='ltr'><strong>de</strong></span> <span class='ocrx_word' id='word_1_149' title='bbox 740 1491 904 1526; x_wconf 85' lang='lat' dir='ltr'><strong>Maximo</strong></span> <span class='ocrx_word' id='word_1_150' title='bbox 1093 1492 1154 1525; x_wconf 89' lang='lat' dir='ltr'><strong>lib.</strong></span> <span class='ocrx_word' id='word_1_151' title='bbox 1175 1500 1200 1525; x_wconf 89' lang='grc' dir='ltr'><strong>Ι.</strong></span> 
     </span>
     <span class='ocr_line' id='line_1_21' title="bbox 496 1548 1214 1584; baseline 0 -1"><span class='ocrx_word' id='word_1_152' title='bbox 496 1549 552 1584; x_wconf 93' lang='lat' dir='ltr'><strong>De</strong></span> <span class='ocrx_word' id='word_1_153' title='bbox 569 1549 681 1584; x_wconf 92' lang='lat' dir='ltr'><strong>libero</strong></span> <span class='ocrx_word' id='word_1_154' title='bbox 699 1548 864 1584; x_wconf 87' lang='lat' dir='ltr'><strong>Arbitrio</strong></span> <span class='ocrx_word' id='word_1_155' title='bbox 1089 1550 1150 1584; x_wconf 89' lang='lat' dir='ltr'><strong>lib.</strong></span> <span class='ocrx_word' id='word_1_156' title='bbox 1171 1558 1214 1583; x_wconf 92' lang='lat'><strong>11.</strong></span> 
     </span>
    </p>

    <p class='ocr_par' dir='ltr' id='par_1_6' title="bbox 348 1606 1740 1884">
     <span class='ocr_line' id='line_1_22' title="bbox 397 1606 1740 1654; baseline -0.001 -11"><span class='ocrx_word' id='word_1_157' title='bbox 397 1608 539 1643; x_wconf 88' lang='lat' dir='ltr'><strong>Floruit</strong></span> <span class='ocrx_word' id='word_1_158' title='bbox 558 1619 652 1642; x_wconf 90' lang='lat' dir='ltr'><strong>anno</strong></span> <span class='ocrx_word' id='word_1_159' title='bbox 678 1606 814 1654; x_wconf 82' lang='lat' dir='ltr'><strong>[DXC.]</strong></span> <span class='ocrx_word' id='word_1_160' title='bbox 840 1607 1017 1641; x_wconf 89' lang='lat' dir='ltr'><strong>incertum</strong></span> <span class='ocrx_word' id='word_1_161' title='bbox 1042 1608 1186 1652; x_wconf 90' lang='lat' dir='ltr'><strong>quando</strong></span> <span class='ocrx_word' id='word_1_162' title='bbox 1211 1609 1415 1641; x_wconf 86' lang='lat' dir='ltr'><strong>sanctorum</strong></span> <span class='ocrx_word' id='word_1_163' title='bbox 1440 1617 1587 1641; x_wconf 87' lang='lat' dir='ltr'><strong>numero</strong></span> <span class='ocrx_word' id='word_1_164' title='bbox 1612 1607 1740 1652; x_wconf 87' lang='lat' dir='ltr'><strong>ascrip-</strong></span> 
     </span>
     <span class='ocr_line' id='line_1_23' title="bbox 348 1665 1737 1709; baseline -0.001 -8"><span class='ocrx_word' id='word_1_165' title='bbox 348 1672 431 1709; x_wconf 88' lang='lat' dir='ltr'><strong>tus;</strong></span> <span class='ocrx_word' id='word_1_166' title='bbox 459 1677 534 1700; x_wconf 87' lang='lat' dir='ltr'><strong>esse</strong></span> <span class='ocrx_word' id='word_1_167' title='bbox 551 1669 672 1700; x_wconf 90' lang='lat' dir='ltr'><strong>tamen</strong></span> <span class='ocrx_word' id='word_1_168' title='bbox 690 1665 729 1698; x_wconf 91' lang='lat' dir='ltr'><strong>in</strong></span> <span class='ocrx_word' id='word_1_169' title='bbox 747 1669 949 1699; x_wconf 88' lang='lat' dir='ltr'><strong>sanctorum</strong></span> <span class='ocrx_word' id='word_1_170' title='bbox 969 1665 1090 1698; x_wconf 90' lang='lat' dir='ltr'><strong>album</strong></span> <span class='ocrx_word' id='word_1_171' title='bbox 1109 1666 1272 1704; x_wconf 87' lang='lat' dir='ltr'><strong>relatum,</strong></span> <span class='ocrx_word' id='word_1_172' title='bbox 1298 1668 1438 1708; x_wconf 85' lang='lat' dir='ltr'><strong>praeter</strong></span> <span class='ocrx_word' id='word_1_173' title='bbox 1455 1675 1495 1698; x_wconf 93' lang='lat' dir='ltr'><strong>ea</strong></span> <span class='ocrx_word' id='word_1_174' title='bbox 1512 1675 1602 1708; x_wconf 86' lang='lat' dir='ltr'><strong>quae</strong></span> <span class='ocrx_word' id='word_1_175' title='bbox 1619 1676 1737 1709; x_wconf 85' lang='lat' dir='ltr'><strong>supra,</strong></span> 
     </span>
     <span class='ocr_line' id='line_1_24' title="bbox 348 1721 1740 1767; baseline -0.001 -9"><span class='ocrx_word' id='word_1_176' title='bbox 348 1725 449 1758; x_wconf 91' lang='lat' dir='ltr'><strong>docet</strong></span> <span class='ocrx_word' id='word_1_177' title='bbox 466 1722 674 1757; x_wconf 86' lang='lat' dir='ltr'><strong>membrana</strong></span> <span class='ocrx_word' id='word_1_178' title='bbox 697 1722 943 1756; x_wconf 87' lang='lat' dir='ltr'><strong>vetustissima</strong></span> <span class='ocrx_word' id='word_1_179' title='bbox 959 1721 995 1755; x_wconf 90' lang='lat' dir='ltr'><strong>S.</strong></span> <span class='ocrx_word' id='word_1_180' title='bbox 1016 1721 1121 1762; x_wconf 87' lang='lat' dir='ltr'><strong>Galli,</strong></span> <span class='ocrx_word' id='word_1_181' title='bbox 1148 1724 1185 1756; x_wconf 88' lang='lat' dir='ltr'><strong>in</strong></span> <span class='ocrx_word' id='word_1_182' title='bbox 1210 1733 1281 1767; x_wconf 87' lang='lat' dir='ltr'><strong>qua</strong></span> <span class='ocrx_word' id='word_1_183' title='bbox 1305 1721 1516 1756; x_wconf 88' lang='lat' dir='ltr'><strong>Admonitio</strong></span> <span class='ocrx_word' id='word_1_184' title='bbox 1541 1721 1576 1755; x_wconf 92' lang='lat' dir='ltr'><strong>S.</strong></span> <span class='ocrx_word' id='word_1_185' title='bbox 1604 1722 1740 1762; x_wconf 86' lang='lat' dir='ltr'><strong>Fausti,</strong></span> 
     </span>
     <span class='ocr_line' id='line_1_25' title="bbox 348 1778 1739 1816; baseline -0.002 0"><span class='ocrx_word' id='word_1_186' title='bbox 348 1786 383 1816; x_wconf 88' lang='lat' dir='ltr'><strong>et</strong></span> <span class='ocrx_word' id='word_1_187' title='bbox 409 1781 537 1815; x_wconf 87' lang='lat' dir='ltr'><strong>colitur</strong></span> <span class='ocrx_word' id='word_1_188' title='bbox 563 1789 667 1814; x_wconf 83' lang='lat' dir='ltr'><strong>XVII.</strong></span> <span class='ocrx_word' id='word_1_189' title='bbox 693 1779 871 1814; x_wconf 85' lang='lat' dir='ltr'><strong>Januarii.</strong></span> <span class='ocrx_word' id='word_1_190' title='bbox 922 1778 1015 1813; x_wconf 90' lang='lat' dir='ltr'><strong>Vide</strong></span> <span class='ocrx_word' id='word_1_191' title='bbox 1034 1779 1181 1814; x_wconf 86' lang='lat' dir='ltr'><strong>Henrici</strong></span> <span class='ocrx_word' id='word_1_192' title='bbox 1206 1780 1341 1814; x_wconf 89' lang='lat' dir='ltr'><strong>Canisii</strong></span> <span class='ocrx_word' id='word_1_193' title='bbox 1367 1779 1483 1813; x_wconf 86' lang='lat' dir='ltr'><strong>varias</strong></span> <span class='ocrx_word' id='word_1_194' title='bbox 1512 1779 1676 1813; x_wconf 90' lang='lat' dir='ltr'><strong>lectiones</strong></span> <span class='ocrx_word' id='word_1_195' title='bbox 1701 1780 1739 1813; x_wconf 91' lang='lat' dir='ltr'><strong>in</strong></span> 
     </span>
     <span class='ocr_line' id='line_1_26' title="bbox 350 1837 1126 1884; baseline -0.004 -11"><span class='ocrx_word' id='word_1_196' title='bbox 350 1838 531 1884; x_wconf 87' lang='lat' dir='ltr'><strong>Epistolas</strong></span> <span class='ocrx_word' id='word_1_197' title='bbox 550 1837 586 1872; x_wconf 88' lang='lat' dir='ltr'><strong>S.</strong></span> <span class='ocrx_word' id='word_1_198' title='bbox 606 1837 733 1872; x_wconf 85' lang='lat' dir='ltr'><strong>Fausti</strong></span> <span class='ocrx_word' id='word_1_199' title='bbox 751 1837 789 1872; x_wconf 89' lang='lat' dir='ltr'><strong>in</strong></span> <span class='ocrx_word' id='word_1_200' title='bbox 807 1837 952 1871; x_wconf 86' lang='lat' dir='ltr'><strong>laudato</strong></span> <span class='ocrx_word' id='word_1_201' title='bbox 970 1841 1068 1871; x_wconf 85' lang='lat' dir='ltr'><strong>tomo</strong></span> <span class='ocrx_word' id='word_1_202' title='bbox 1090 1846 1126 1871; x_wconf 76' lang='lat' dir='ltr'><strong>v.</strong></span> 
     </span>
    </p>
   </div>
   <div class='ocr_carea' id='block_1_5' title="bbox 867 1951 1217 1987">
    <p class='ocr_par' dir='ltr' id='par_1_7' title="bbox 867 1951 1217 1987">
     <span class='ocr_line' id='line_1_27' title="bbox 867 1951 1217 1987; baseline -0.006 0"><span class='ocrx_word' id='word_1_203' title='bbox 867 1952 903 1987; x_wconf 90' lang='lat' dir='ltr'><strong>S.</strong></span> <span class='ocrx_word' id='word_1_204' title='bbox 931 1951 1082 1987; x_wconf 85' lang='lat' dir='ltr'><strong>FARO.</strong></span> <span class='ocrx_word' id='word_1_205' title='bbox 1135 1953 1217 1986; x_wconf 83' lang='lat'><strong>505.</strong></span> 
     </span>
    </p>
   </div>
   <div class='ocr_carea' id='block_1_6' title="bbox 349 2067 1738 2519">
    <p class='ocr_par' dir='ltr' id='par_1_8' title="bbox 349 2067 1738 2519">
     <span class='ocr_line' id='line_1_28' title="bbox 349 2067 1738 2112; baseline -0.001 -8"><span class='ocrx_word' id='word_1_206' title='bbox 349 2070 384 2104; x_wconf 82' lang='lat' dir='ltr'><strong>S.</strong></span> <span class='ocrx_word' id='word_1_207' title='bbox 418 2069 545 2110; x_wconf 78' lang='lat' dir='ltr'><strong>FARO,</strong></span> <span class='ocrx_word' id='word_1_208' title='bbox 574 2068 814 2103; x_wconf 91' lang='lat' dir='ltr'><strong>Meldensium</strong></span> <span class='ocrx_word' id='word_1_209' title='bbox 848 2068 887 2102; x_wconf 90' lang='lat' dir='ltr'><strong>in</strong></span> <span class='ocrx_word' id='word_1_210' title='bbox 921 2067 1037 2102; x_wconf 90' lang='lat' dir='ltr'><strong>Gallia</strong></span> <span class='ocrx_word' id='word_1_211' title='bbox 1067 2067 1262 2112; x_wconf 88' lang='lat' dir='ltr'><strong>episcopus,</strong></span> <span class='ocrx_word' id='word_1_212' title='bbox 1296 2068 1363 2101; x_wconf 87' lang='lat' dir='ltr'><strong>etsi</strong></span> <span class='ocrx_word' id='word_1_213' title='bbox 1393 2078 1463 2101; x_wconf 91' lang='lat' dir='ltr'><strong>non</strong></span> <span class='ocrx_word' id='word_1_214' title='bbox 1500 2067 1624 2101; x_wconf 82' lang='lat' dir='ltr'><strong>Scotus</strong></span> <span class='ocrx_word' id='word_1_215' title='bbox 1657 2072 1738 2102; x_wconf 90' lang='lat' dir='ltr'><strong>ortu</strong></span> 
     </span>
     <span class='ocr_line' id='line_1_29' title="bbox 350 2124 1736 2172; baseline -0.002 -11"><span class='ocrx_word' id='word_1_216' title='bbox 350 2127 534 2167; x_wconf 89' lang='lat' dir='ltr'><strong>habeatur,</strong></span> <span class='ocrx_word' id='word_1_217' title='bbox 569 2127 630 2160; x_wconf 84' lang='lat' dir='ltr'><strong>sed</strong></span> <span class='ocrx_word' id='word_1_218' title='bbox 665 2126 897 2172; x_wconf 85' lang='lat' dir='ltr'><strong>Burgundus,</strong></span> <span class='ocrx_word' id='word_1_219' title='bbox 933 2131 1064 2165; x_wconf 87' lang='lat' dir='ltr'><strong>tamen,</strong></span> <span class='ocrx_word' id='word_1_220' title='bbox 1098 2126 1183 2170; x_wconf 90' lang='lat' dir='ltr'><strong>quia</strong></span> <span class='ocrx_word' id='word_1_221' title='bbox 1224 2124 1439 2159; x_wconf 85' lang='lat' dir='ltr'><strong>Laurentius</strong></span> <span class='ocrx_word' id='word_1_222' title='bbox 1483 2124 1608 2159; x_wconf 87' lang='lat' dir='ltr'><strong>Surius</strong></span> <span class='ocrx_word' id='word_1_223' title='bbox 1652 2130 1736 2160; x_wconf 89' lang='lat' dir='ltr'><strong>tom.</strong></span> 
     </span>
     <span class='ocr_line' id='line_1_30' title="bbox 352 2182 1738 2231; baseline 0 -14"><span class='ocrx_word' id='word_1_224' title='bbox 352 2194 387 2219; x_wconf 83' lang='lat' dir='ltr'><strong>v.</strong></span> <span class='ocrx_word' id='word_1_225' title='bbox 419 2196 501 2231; x_wconf 84' lang='lat' dir='ltr'><strong>pag.</strong></span> <span class='ocrx_word' id='word_1_226' title='bbox 533 2193 725 2219; x_wconf 77' lang='lat' dir='ltr'><strong>cccxmv.</strong></span> <span class='ocrx_word' id='word_1_227' title='bbox 763 2183 798 2218; x_wconf 87' lang='lat' dir='ltr'><strong>S.</strong></span> <span class='ocrx_word' id='word_1_228' title='bbox 835 2183 1038 2217; x_wconf 90' lang='lat' dir='ltr'><strong>Chillenum</strong></span> <span class='ocrx_word' id='word_1_229' title='bbox 1073 2183 1216 2217; x_wconf 88' lang='lat' dir='ltr'><strong>Scotum</strong></span> <span class='ocrx_word' id='word_1_230' title='bbox 1251 2194 1272 2217; x_wconf 90' lang='lat' dir='ltr'><strong>a</strong></span> <span class='ocrx_word' id='word_1_231' title='bbox 1303 2182 1481 2227; x_wconf 88' lang='lat' dir='ltr'><strong>plerisque</strong></span> <span class='ocrx_word' id='word_1_232' title='bbox 1515 2182 1551 2216; x_wconf 89' lang='lat' dir='ltr'><strong>S.</strong></span> <span class='ocrx_word' id='word_1_233' title='bbox 1588 2182 1738 2218; x_wconf 79' lang='lat' dir='ltr'><strong>Faronis</strong></span> 
     </span>
     <span class='ocr_line' id='line_1_31' title="bbox 350 2240 1738 2287; baseline -0.001 -11"><span class='ocrx_word' id='word_1_234' title='bbox 350 2242 496 2276; x_wconf 87' lang='lat' dir='ltr'><strong>fratrem</strong></span> <span class='ocrx_word' id='word_1_235' title='bbox 516 2243 649 2276; x_wconf 87' lang='lat' dir='ltr'><strong>censeri</strong></span> <span class='ocrx_word' id='word_1_236' title='bbox 673 2241 843 2286; x_wconf 86' lang='lat' dir='ltr'><strong>prodidit,</strong></span> <span class='ocrx_word' id='word_1_237' title='bbox 869 2253 935 2287; x_wconf 87' lang='lat' dir='ltr'><strong>ego</strong></span> <span class='ocrx_word' id='word_1_238' title='bbox 953 2241 1141 2275; x_wconf 84' lang='lat' dir='ltr'><strong>admonere</strong></span> <span class='ocrx_word' id='word_1_239' title='bbox 1165 2240 1272 2280; x_wconf 90' lang='lat' dir='ltr'><strong>volui,</strong></span> <span class='ocrx_word' id='word_1_240' title='bbox 1298 2244 1350 2280; x_wconf 88' lang='lat' dir='ltr'><strong>ut,</strong></span> <span class='ocrx_word' id='word_1_241' title='bbox 1376 2242 1406 2274; x_wconf 90' lang='lat' dir='ltr'><strong>si</strong></span> <span class='ocrx_word' id='word_1_242' title='bbox 1433 2240 1561 2274; x_wconf 87' lang='lat' dir='ltr'><strong>fratres</strong></span> <span class='ocrx_word' id='word_1_243' title='bbox 1586 2241 1635 2274; x_wconf 88' lang='lat' dir='ltr'><strong>illi</strong></span> <span class='ocrx_word' id='word_1_244' title='bbox 1655 2242 1738 2280; x_wconf 87' lang='lat' dir='ltr'><strong>sint,</strong></span> 
     </span>
     <span class='ocr_line' id='line_1_32' title="bbox 352 2296 1738 2344; baseline 0 -11"><span class='ocrx_word' id='word_1_245' title='bbox 352 2301 408 2334; x_wconf 91' lang='lat' dir='ltr'><strong>vel</strong></span> <span class='ocrx_word' id='word_1_246' title='bbox 434 2299 527 2334; x_wconf 77' lang='lat' dir='ltr'><strong>Fato</strong></span> <span class='ocrx_word' id='word_1_247' title='bbox 551 2300 598 2334; x_wconf 87' lang='lat' dir='ltr'><strong>sit</strong></span> <span class='ocrx_word' id='word_1_248' title='bbox 622 2299 759 2339; x_wconf 88' lang='lat' dir='ltr'><strong>Scotus‚</strong></span> <span class='ocrx_word' id='word_1_249' title='bbox 787 2300 843 2333; x_wconf 90' lang='lat' dir='ltr'><strong>vel</strong></span> <span class='ocrx_word' id='word_1_250' title='bbox 869 2298 1052 2332; x_wconf 90' lang='lat' dir='ltr'><strong>Chillenus</strong></span> <span class='ocrx_word' id='word_1_251' title='bbox 1080 2296 1319 2344; x_wconf 86' lang='lat' dir='ltr'><strong>Burgundus:</strong></span> <span class='ocrx_word' id='word_1_252' title='bbox 1348 2298 1504 2332; x_wconf 84' lang='lat' dir='ltr'><strong>viderint</strong></span> <span class='ocrx_word' id='word_1_253' title='bbox 1521 2298 1592 2332; x_wconf 89' lang='lat' dir='ltr'><strong>alii.</strong></span> <span class='ocrx_word' id='word_1_254' title='bbox 1646 2298 1738 2344; x_wconf 84' lang='lat' dir='ltr'><strong>Ejus</strong></span> 
     </span>
     <span class='ocr_line' id='line_1_33' title="bbox 351 2362 436 2392; baseline 0 0"><span class='ocrx_word' id='word_1_255' title='bbox 351 2362 436 2392; x_wconf 87' lang='lat' dir='ltr'><strong>sunt</strong></span> 
     </span>
     <span class='ocr_line' id='line_1_34' title="bbox 499 2414 1463 2460; baseline -0.001 -11"><span class='ocrx_word' id='word_1_256' title='bbox 499 2414 683 2460; x_wconf 86' lang='lat' dir='ltr'><strong>Epistolae</strong></span> <span class='ocrx_word' id='word_1_257' title='bbox 701 2414 746 2448; x_wconf 85' lang='lat' dir='ltr'><strong>ad</strong></span> <span class='ocrx_word' id='word_1_258' title='bbox 765 2414 1050 2449; x_wconf 88' lang='lat' dir='ltr'><strong>Theodebertum</strong></span> <span class='ocrx_word' id='word_1_259' title='bbox 1070 2414 1206 2460; x_wconf 88' lang='lat' dir='ltr'><strong>Regem</strong></span> <span class='ocrx_word' id='word_1_260' title='bbox 1356 2414 1418 2448; x_wconf 89' lang='lat' dir='ltr'><strong>lib.</strong></span> <span class='ocrx_word' id='word_1_261' title='bbox 1439 2423 1463 2448; x_wconf 89' lang='lat'><strong>1.</strong></span> 
     </span>
     <span class='ocr_line' id='line_1_35' title="bbox 400 2471 1738 2519; baseline 0 -13"><span class='ocrx_word' id='word_1_262' title='bbox 400 2472 600 2518; x_wconf 87' lang='lat' dir='ltr'><strong>Episcopus</strong></span> <span class='ocrx_word' id='word_1_263' title='bbox 611 2477 834 2507; x_wconf 86' lang='lat' dir='ltr'><strong>consecratus</strong></span> <span class='ocrx_word' id='word_1_264' title='bbox 849 2476 902 2506; x_wconf 87' lang='lat' dir='ltr'><strong>est</strong></span> <span class='ocrx_word' id='word_1_265' title='bbox 915 2483 1008 2506; x_wconf 88' lang='lat' dir='ltr'><strong>anno</strong></span> <span class='ocrx_word' id='word_1_266' title='bbox 1023 2481 1148 2507; x_wconf 75' lang='lat' dir='ltr'><strong>Dexx.</strong></span> <span class='ocrx_word' id='word_1_267' title='bbox 1168 2471 1341 2519; x_wconf 86' lang='lat' dir='ltr'><strong>Sigebert.</strong></span> <span class='ocrx_word' id='word_1_268' title='bbox 1356 2472 1488 2507; x_wconf 87' lang='lat' dir='ltr'><strong>Chron.</strong></span> <span class='ocrx_word' id='word_1_269' title='bbox 1503 2483 1543 2507; x_wconf 92' lang='lat' dir='ltr'><strong>eo</strong></span> <span class='ocrx_word' id='word_1_270' title='bbox 1557 2483 1660 2507; x_wconf 87' lang='lat' dir='ltr'><strong>anno.</strong></span> <span class='ocrx_word' id='word_1_271' title='bbox 1676 2472 1738 2505; x_wconf 89' lang='lat' dir='ltr'><strong>Pe-</strong></span> 
     </span>
    </p>
   </div>
  </div>
 </body>
</html>
