2044 2992
358 451 593 491 Placentiae
619 463 665 489 ac
694 449 865 489 Parmae
896 447 1069 495 Ducem,
1100 448 1174 501 qui
1207 461 1333 501 penes
1364 453 1406 487 te
1440 446 1579 486 omnia
1611 445 1729 499 quasi

355 529 428 555 sua
463 514 670 568 reposuit3
710 526 846 565 neque
877 511 1025 564 quanti
1065 511 1191 550 fueris
1226 511 1338 564 apud
1371 523 1569 564 magnum
1608 508 1729 548 illum

354 578 627 632 Alphonsum,
661 576 872 629 quondam
908 574 1234 614 Ferrariensium
1268 574 1441 621 Ducem,
1480 573 1593 627 apud
1630 572 1731 613 Cae-

354 656 495 689 sarem,
534 645 798 693 caeterosque
837 638 950 678 illius
989 637 1166 677 invictae
1202 638 1350 677 domus
1384 637 1572 676 Estensis
1611 636 1731 675 Prin-

351 705 471 758 cipes,
510 704 612 744 adeo
651 709 699 743 ut
733 703 809 743 tibi
844 702 917 742 uni
952 715 1113 741 summa
1146 701 1335 740 omnium
1369 714 1508 740 rerum
1543 699 1730 739 commit-

351 773 510 807 teretur
548 768 599 806 ab
638 767 726 820 ipso
760 767 878 806 Duce
917 764 1162 811 Mutinensi,
1202 778 1226 803 a
1264 777 1348 817 quo
1387 763 1550 817 quoties
1581 763 1728 802 missus

349 831 402 870 ad
441 831 477 870 S.
514 830 770 877 Pontificem,
804 829 857 869 ad
891 829 1200 882 Imperatorem,
1233 828 1287 867 ad
1320 828 1458 867 Duces
1492 826 1728 872 Sabaudiae‚

349 893 562 942 Mantuae,
603 894 784 941 Parmae,
827 893 988 941 Urbini,
1034 891 1218 945 aliosque
1263 905 1444 931 summos
1484 890 1606 930 Viros
1651 889 1730 929 Le-

348 963 480 1010 gatus,
514 971 732 1011 nunquam
771 971 842 1010 spe
881 962 955 996 tua
992 956 1214 995 frustratus
1246 955 1390 995 iveris:
1429 954 1727 1008 praetermitto,

350 1034 403 1060 ne
437 1027 553 1060 tuam
588 1021 631 1060 in
664 1021 743 1061 hoc
776 1034 949 1060 munere
982 1019 1253 1073 diligentiam,
1287 1018 1425 1066 fidem,
1461 1032 1507 1058 ac
1536 1018 1727 1071 peritiam

350 1083 508 1124 elevare
541 1084 670 1138 magis
704 1084 881 1124 dicendo
910 1098 1035 1137 quam
1065 1097 1266 1123 exornare
1295 1083 1436 1122 videar
1465 1082 1726 1122 recensendo.

350 1147 484 1187 Taceo
514 1153 588 1187 tua
617 1162 693 1201 ope
722 1147 817 1187 lites
846 1147 1102 1200 gravissimas
1132 1148 1242 1188 inter
1270 1147 1464 1187 Mutinae
1493 1147 1656 1187 Ducem
1684 1154 1726 1187 et

349 1210 472 1250 Pium
499 1212 535 1250 S.
559 1211 609 1251 R.
630 1211 679 1251 E.
706 1210 969 1251 Cardinalem
997 1211 1264 1265 compositas:
1294 1210 1394 1250 sileo
1421 1211 1590 1250 dissidia
1616 1211 1726 1250 inter

346 1273 619 1321 Mutinenses,
641 1273 906 1321 Mantuanos,
926 1279 970 1313 et
990 1273 1309 1321 Guastallenses,
1330 1274 1448 1327 quasi
1465 1275 1552 1328 jam
1568 1274 1726 1327 spiran-

347 1336 415 1384 tia,
435 1337 575 1377 divina
596 1337 787 1390 quadam,
811 1336 877 1377 vel
902 1343 975 1376 tua
1000 1337 1285 1377 moderatione
1313 1343 1553 1390 temperata.
1612 1338 1726 1381 Quid

345 1400 480 1440 dicam
495 1406 671 1441 armatas
686 1400 833 1454 copias,
853 1401 897 1440 in
917 1399 1027 1440 bello
1048 1406 1191 1440 contra
1212 1400 1432 1447 Lucenses,
1453 1401 1575 1440 rebus
1592 1402 1725 1440 omni-

345 1464 422 1503 bus
442 1478 568 1517 quam
598 1464 909 1504 affluentissime
938 1477 962 1503 a
991 1469 1034 1503 te
1063 1466 1346 1505 sustentatas?
1405 1464 1519 1508 Quid
1548 1465 1724 1504 referam

345 1533 437 1567 tuas
472 1528 582 1568 inter
612 1528 809 1581 abruptos
844 1526 957 1567 illius
992 1528 1171 1581 regionis
1205 1533 1248 1568 et
1276 1528 1521 1581 asperrimos
1550 1534 1723 1575 montes,

344 1604 428 1630 non
458 1591 545 1631 sine
580 1591 770 1631 maximis
798 1590 1018 1639 laboribus,
1043 1590 1218 1644 vigilias,
1250 1591 1402 1645 quibus
1436 1592 1722 1645 prospiciebas,

343 1654 494 1708 quibus
537 1654 789 1702 consulebas,
834 1669 886 1694 ne
920 1655 1024 1708 quid
1057 1654 1300 1694 detrimenti
1338 1660 1436 1694 tuae
1474 1655 1721 1708 prudentiae

343 1718 547 1758 commissi
586 1721 863 1772 paterentur?
922 1718 1036 1762 Quid
1069 1718 1251 1771 denique
1280 1718 1332 1758 de
1367 1732 1532 1757 annona
1565 1717 1722 1772 loquar,

344 1795 469 1834 quam
490 1787 607 1821 tanta
626 1781 837 1821 celeritate
857 1787 1058 1834 tantaque
1078 1781 1205 1835 copia,
1225 1781 1392 1835 publico
1412 1781 1721 1822 Mutinensium

345 1850 387 1884 et
407 1845 610 1884 sociorum
629 1844 841 1892 beneficio,
862 1844 905 1883 in
931 1844 1184 1884 difficillimis
1212 1851 1255 1884 et
1285 1845 1586 1897 angustissimis
1616 1852 1720 1886 tem-

342 1908 511 1962 poribus
530 1908 771 1961 procurasti,
797 1913 846 1947 ut
865 1908 1057 1947 omnibus
1075 1908 1219 1947 statim
1246 1909 1362 1961 quasi
1393 1909 1445 1948 ad
1470 1908 1717 1949 miraculum

342 1971 462 2011 fieret
481 1971 588 2010 satis.
647 1971 763 2011 Haec
792 1976 891 2010 sunt
920 1970 1059 2024 aliqua
1087 1985 1139 2011 ex
1168 1972 1397 2012 innumeris
1426 1986 1533 2026 quae
1563 1973 1718 2028 Demp-

341 2040 497 2074 sterum
522 2048 607 2073 non
633 2034 757 2074 modo
782 2034 1018 2074 excitarunt
1042 2040 1091 2074 ut
1116 2040 1158 2074 te
1183 2035 1236 2074 ad
1259 2036 1437 2074 Scotiam
1466 2035 1573 2076 hanc
1602 2036 1717 2077 illus-

342 2098 533 2137 trandam
553 2103 787 2145 accerseret,
808 2098 880 2137 sed
901 2097 1025 2137 etiam
1047 2097 1265 2151 Magnates
1286 2105 1328 2138 et
1349 2099 1561 2153 Principes
1585 2100 1716 2148 Viros,

341 2161 414 2214 qui
430 2167 546 2200 tuam
561 2161 841 2214 prudentiam,
857 2161 994 2208 fidem,
1009 2161 1281 2214 diligentiam,
1302 2168 1345 2202 et
1365 2163 1492 2202 animi
1508 2164 1716 2217 magnitu-

340 2225 481 2264 dinem
511 2224 777 2265 vehementer
807 2224 1009 2272 demirati‚
1040 2239 1164 2279 opera
1194 2232 1267 2265 tua
1295 2226 1357 2265 uti
1388 2232 1602 2279 expetunt,
1632 2227 1714 2267 frui

341 2287 461 2328 enixe
493 2287 680 2341 cupiunt.
750 2287 888 2331 Quare
922 2294 964 2327 et
997 2288 1097 2328 haec
1131 2294 1174 2328 et
1202 2288 1306 2329 aliae
1335 2290 1387 2329 de
1417 2295 1459 2329 te
1488 2289 1716 2343 loquentur

342 2351 563 2399 Historiae,
594 2350 674 2390 alia
694 2351 870 2404 ingenia,
890 2350 994 2391 aliae
1014 2352 1203 2405 ingentes
1224 2359 1266 2392 et
1285 2352 1517 2406 praeclarae
1542 2354 1713 2402 animae,

339 2428 442 2468 quas
475 2420 615 2454 tamen
648 2413 763 2455 haud
796 2415 921 2455 dubie
954 2416 1191 2456 aeternitati
1226 2424 1322 2458 tuae
1356 2431 1516 2471 semper
1546 2417 1713 2458 habebis

1010 2490 1031 2514 e
