2032 2912
340 319 405 350 304
722 318 957 352 HISTORIA
980 318 1358 354 ECCLESIASTICA

343 426 418 449 mes
436 414 471 449 S.
491 414 649 459 Eloquii,
673 425 753 448 cum
771 425 813 449 eo
830 414 934 456 vixit,
952 419 989 450 et
1005 426 1087 450 cum
1110 427 1151 451 eo
1177 416 1377 462 praemium
1403 416 1536 452 laboris
1563 422 1745 455 aeternam

343 473 550 507 felicitatem
580 473 741 507 sortitus.
798 472 966 508 Molanus
992 474 1031 508 in
1057 473 1262 515 Natalibus‚
1293 479 1329 509 et
1361 486 1405 509 ex
1431 486 1473 509 eo
1499 474 1656 511 Ghinius
1684 486 1744 512 111.

344 530 511 565 Decemb.
529 542 612 577 pag.
631 540 747 565 XCIX.
775 535 797 551 “
814 530 992 577 Eloquius
1010 533 1056 567 ad
1073 531 1274 567 Galliarum
1291 533 1415 568 littora
1434 534 1534 568 venit
1557 545 1639 569 cum
1665 546 1746 569 san-

344 588 409 622 ctis
427 588 596 629 Fursaeo,
615 588 790 630 Foillano,
809 589 955 631 Ultano,
973 590 1138 631 Boethio,
1154 590 1349 631 Mombolo‚
1365 589 1553 638 Adalgiso‚
1570 591 1744 633 Hottone,

345 645 496 687 Helano,
516 646 687 689 Tresano,
708 646 897 690 Germano,
918 648 1074 690 Verano,
1100 653 1136 682 et
1154 648 1377 683 Columbano
1391 647 1425 690 ;'’
1452 649 1579 684 deinde
1597 661 1661 694 per
1680 650 1744 686 Sa-

342 705 488 739 xoniam
526 709 562 740 et
601 704 755 740 Galliam
789 707 922 741 multas
952 706 1031 741 Deo
1060 707 1198 741 animas
1229 707 1369 747 lucrati,
1401 707 1611 742 coenobium
1643 708 1745 743 Lati-

340 762 483 798 niacum
507 764 753 798 condiderunt.
806 763 882 798 Nec
905 765 948 799 de
972 764 1152 799 Germano
1178 766 1326 809 exploro
1352 765 1519 810 amplius,
1547 770 1583 801 et
1609 767 1746 813 conjec-

342 825 424 855 tura
445 825 498 856 est
521 822 640 867 ipsum
667 826 748 866 post
773 823 1034 856 sanctissimam
1058 823 1383 869 peregrinationem
1410 824 1558 858 domum
1583 825 1743 866 rediisse,

339 879 460 924 ibique
490 880 687 927 migrasse;
725 891 807 914 nam
839 880 977 915 duobus
1009 882 1141 916 sanctis
1174 881 1365 916 Germanis
1401 881 1527 923 Sectis,
1557 883 1742 927 oppidum,

307 956 310 959 -
339 938 495 979 ecclesia,
513 939 770 973 monasterium
788 939 827 972 in
845 937 963 973 Scotia
980 949 1054 974 non
1071 941 1177 986 longe
1196 939 1435 986 Effimburgo,
1460 951 1534 974 uno
1557 941 1703 975 milliari
1723 953 1744 976 a

340 994 495 1036 Setonia,
523 996 712 1040 dicantur3
743 996 827 1031 huic
858 997 1002 1037 scilicet,
1034 1002 1070 1032 et
1102 1009 1304 1043 synonymo
1333 997 1490 1031 Gibirini
1521 998 1648 1033 fratri:
1686 999 1745 1033 hic

339 1054 459 1099 imago
476 1052 640 1101 Virginis
667 1054 844 1099 Deiparae
870 1054 1097 1090 Lauretanae
1123 1059 1159 1090 et
1185 1055 1425 1090 Bethlemitae
1450 1056 1586 1090 cladem
1611 1055 1744 1103 Angli-

340 1122 417 1146 cam
435 1111 552 1146 adhuc
570 1113 693 1157 spirat.

388 1169 529 1205 claruit
545 1181 640 1205 anno
659 1179 764 1205 cem.
817 1170 959 1206 Colitur
977 1181 1034 1206 1x.
1053 1171 1077 1206 J
1080 1172 1156 1206 ulii.

765 1287 801 1322 S.
830 1286 1171 1323 GAILBALDUS.
1226 1286 1311 1323 564.

338 1403 374 1438 S.
401 1403 674 1439 GAILBALDUS
698 1415 761 1439 seu
787 1404 1030 1440 Gowibaldus.
1082 1404 1211 1439 Arnol.
1240 1404 1363 1439 Uvion
1384 1404 1446 1440 lib.
1467 1413 1511 1439 11.
1535 1404 1616 1452 Lig.
1634 1403 1742 1440 Vitae

340 1473 416 1507 cap.
437 1471 508 1497 L11.
537 1467 558 1483 “
577 1463 788 1504 Monachus,
817 1467 853 1497 et
879 1463 1075 1508 discipulus
1103 1463 1139 1497 S.
1168 1462 1358 1503 Bonifacii‚
1386 1463 1557 1509 martyris
1585 1462 1740 1510 Mogun-

337 1521 417 1561 tini,
441 1525 476 1555 et
497 1520 769 1555 Ratisbonensis
790 1521 929 1565 primus
955 1521 1153 1566 episcopus,
1180 1521 1314 1561 doctor,
1341 1525 1377 1555 et
1403 1521 1630 1566 praedicator
1655 1522 1741 1556 insi-

336 1579 429 1624 gnis,
452 1583 527 1613 tam
555 1578 742 1613 honestate
765 1590 907 1613 morum
931 1590 1039 1624 quam
1063 1579 1212 1613 scientia
1237 1579 1498 1623 scripturarum
1525 1580 1739 1623 praeclarus,

337 1637 382 1671 ad
401 1636 588 1671 Christum
606 1637 739 1671 multos
758 1648 824 1671 sua
841 1637 1105 1681 praedicatione
1123 1637 1333 1671 convertit.''
1387 1637 1445 1671 Ita
1462 1637 1583 1672 Trith.
1603 1637 1665 1671 lib.
1686 1645 1738 1671 IV.

336 1694 415 1729 Vir.
433 1694 545 1730 illust.
560 1695 688 1730 Ordin.
708 1695 744 1729 S.
763 1695 951 1729 Benedicti
969 1706 1047 1740 cap.
1065 1704 1188 1730 ccxx.
1224 1694 1341 1729 Addit
1358 1694 1383 1729 J
1385 1706 1517 1730 oannes
1536 1695 1739 1735 Fordunus,

336 1764 380 1787 ex
407 1757 431 1774 “
448 1754 617 1789 coenobio
639 1753 868 1788 Mailrosensi
893 1764 975 1787 eum
998 1765 1019 1788 a
1042 1753 1231 1788 Bonifacio
1258 1758 1447 1788 evocatum
1472 1753 1677 1788 incubuisse
1702 1754 1740 1787 in

336 1813 510 1859 evangelii
531 1812 850 1847 enunciationem.'’
901 1811 1053 1857 Scripsit

484 1871 540 1906 De
558 1870 825 1906 Constitutione
843 1881 928 1904 suae
945 1869 1127 1904 Ecclesiae
1327 1870 1389 1905 lib.
1412 1879 1437 1904 1.

482 1929 666 1974 Epistolas
684 1929 729 1963 ad
747 1928 977 1965 Bonifacium
995 1929 1209 1975 magistrum
1328 1928 1389 1963 lib.
1411 1937 1436 1962 1.

483 1988 661 2023 Homilias
704 2031 713 2034 -
1328 1987 1389 2022 lib.
1411 1995 1436 2020 1.

381 2047 524 2082 Floruit
541 2058 636 2082 anno
655 2055 867 2081 Dccnxxx.

789 2162 825 2197 S.
853 2161 1138 2197 GOBBANUS.
1191 2160 1275 2197 565.

334 2285 354 2299 “
372 2279 407 2314 S.
428 2280 654 2321 Funsmus,
677 2280 822 2325 cupiens
840 2291 877 2314 se
895 2279 940 2314 ab
957 2279 1123 2314 omnibus
1142 2278 1251 2313 seculi
1268 2278 1389 2324 hujus,
1408 2282 1443 2312 et
1460 2278 1574 2323 ipsius
1592 2289 1734 2323 quoque

333 2340 540 2372 monasterii
559 2339 712 2385 negotiis
731 2340 896 2379 alienare,
921 2338 1067 2383 reliquit
1091 2336 1301 2371 monasterii
1319 2341 1354 2371 et
1381 2336 1582 2371 animarum
1611 2347 1732 2370 curam

332 2395 436 2431 fratri
452 2407 516 2431 suo
530 2396 696 2437 Fufiano,
712 2401 747 2432 et
766 2396 984 2442 presbyteris
1003 2395 1176 2431 Gobbano
1193 2400 1229 2430 et
1245 2394 1400 2436 Dicullo,
1419 2399 1454 2430 et
1468 2395 1544 2439 ipse
1561 2395 1606 2429 ab
1620 2394 1731 2429 omni-

329 2455 397 2490 bus
414 2455 540 2489 mundi
558 2455 663 2489 rebus
682 2455 772 2490 liber
789 2456 827 2490 in
851 2454 1097 2490 anachoretica
1121 2453 1391 2488 conversatione
1409 2454 1521 2488 vitam
1540 2452 1643 2487 finire
1660 2452 1731 2486 dis-
