2032 2912
314 302 378 332 ⁶240
701 298 935 332 HISTORIA
959 297 1337 332 ECCLESIASTICA

317 398 396 438 sibi,
416 402 456 431 ut
475 396 591 435 audio,
617 395 837 439 opulentiam
861 394 1063 438 conquirit3
1089 395 1185 440 quod
1211 406 1283 429 non
1311 399 1385 428 tam
1409 396 1524 436 credo,
1553 406 1661 440 quam
1680 407 1723 430 ex

317 457 435 490 animo
470 453 598 498 cupio3
639 453 730 487 nihil
765 453 861 487 enim
896 456 951 487 est
985 453 1081 498 quod
1111 458 1186 487 tam
1218 464 1409 488 amoenum
1440 464 1512 487 non
1544 458 1724 488 mereatur

320 513 514 559 ingenium.

587 610 958 646 ARCHIBALDUS
983 610 1311 645 DUMFRISIUS.
1366 613 1449 645 435.

314 686 619 721 ARCHIBALDUS
645 685 881 727 Dumfrisius,
912 687 957 721 ab
988 687 1119 731 oppido
1150 686 1200 720 sic
1226 687 1354 727 dictus,
1383 686 1580 721 monachus
1607 686 1721 721 Bene-

313 745 469 779 dictinus
489 744 768 779 Dumfermelini
787 744 981 789 professus,
1004 744 1193 779 familiaris
1211 745 1288 790 regi
1307 744 1447 779 Scotiae
1471 744 1630 779 Roberto
1650 744 1719 779 III.

314 803 543 838 Domesticus
577 802 730 837 Gilberti
763 802 964 844 Greenlaw,
997 803 1153 848 episcopi
1183 802 1463 841 Aberdonensis‚
1498 803 1576 849 ejus
1613 815 1719 848 opera

314 863 352 896 in
384 861 520 896 Gallias
549 873 631 896 cum
663 861 864 896 oratoribus
895 861 1010 896 Scotis
1040 861 1183 901 missus,
1218 860 1348 895 Carolo
1384 860 1470 896 VII.
1502 861 1603 896 utilis
1636 861 1719 895 fuit.

312 920 463 965 Scripsit

460 977 644 1023 Epistolas
663 978 709 1012 ad
727 977 845 1023 Reges
1262 977 1323 1011 lib.
1345 986 1369 1011 1.

361 1036 530 1071 Florebat
547 1047 641 1071 anno
661 1045 887 1071 Mcccxcv1.

668 1135 692 1169 J
694 1134 905 1170 OANNES
930 1134 1213 1169 DAZELLUS.
1269 1133 1353 1169 436.

311 1211 333 1245 J
337 1218 504 1245 OANNES
522 1210 705 1251 Dazellus,
723 1210 836 1245 nobili
860 1210 999 1245 familia
1023 1222 1063 1244 ac
1086 1210 1285 1244 clarissimo
1309 1209 1465 1256 ingenio,
1490 1209 1624 1246 Graece
1648 1211 1719 1246 La-

309 1271 454 1315 tineque
471 1269 710 1304 doctissimus.
764 1268 809 1303 In
826 1268 1047 1314 Aquitanica
1064 1268 1182 1303 Gallia
1202 1277 1305 1302 XXX·
1330 1268 1435 1303 annis
1460 1269 1545 1303 totis
1564 1268 1718 1305 Lescaae

308 1329 509 1372 politiorem
526 1328 752 1362 literaturam
769 1328 929 1362 maxima
946 1327 1149 1362 celebritate
1171 1326 1363 1371 professus,
1383 1327 1527 1371 scripsit

458 1386 513 1421 De
531 1385 693 1420 Ecclesia
712 1385 851 1420 Scotica
1260 1385 1321 1420 lib.
1343 1394 1368 1420 1.

458 1444 502 1479 In
544 1443 705 1479 Annales
748 1443 1018 1478 Ecclesiasticos
1061 1444 1297 1478 illustrissimi
1342 1444 1491 1479 Baronii
1536 1444 1715 1479 Observa-

506 1502 621 1537 tiones
1258 1502 1320 1536 lib.
1340 1511 1365 1536 1.

456 1561 511 1596 De
529 1560 761 1606 Antiquitate
779 1559 917 1595 Galliae
934 1559 1174 1606 Aquitanicae
1255 1560 1317 1594 lib.
1338 1570 1363 1594 1.
1382 1572 1471 1605 opus
1487 1561 1712 1602 immensum,

507 1624 549 1654 ut
567 1619 685 1658 audio,
704 1623 739 1652 et
757 1619 974 1653 incredibilis
992 1619 1136 1652 laboris.

360 1678 469 1713 Vivat
487 1678 614 1718 adhuc,
633 1687 680 1711 an
697 1677 837 1717 obierit,
856 1688 922 1721 pro
940 1681 1121 1722 comperto
1139 1688 1213 1711 non
1230 1677 1356 1711 habeo.

603 1793 863 1830 JOSEPHUS
889 1792 1269 1828 DRUMMONDUS.
1324 1794 1407 1831 437.

310 1911 332 1944 J
337 1920 516 1946 OSEPHUS
534 1910 819 1951 Drummondus‚
833 1910 944 1944 nobili
958 1909 1107 1950 familia,
1122 1910 1185 1944 diu
1198 1910 1237 1944 in
1251 1909 1378 1945 Galliis
1393 1911 1502 1946 bonas
1521 1917 1615 1947 artes
1633 1923 1714 1957 pro-

309 1970 434 2010 fessus,
453 1969 570 2015 Aquis
589 1969 720 2003 Sextiis
739 1968 873 2003 celebre
890 1980 1021 2003 nomen
1045 1969 1090 2002 ab
1114 1969 1259 2015 ingenio
1283 1970 1446 2015 adeptus,
1470 1971 1713 2016 disputatione

308 2039 415 2072 super
432 2027 629 2062 sacerdotio
648 2028 767 2072 opimo
784 2027 1022 2062 clarissimum
1047 2031 1083 2061 et
1104 2027 1172 2062 sibi
1196 2031 1232 2062 et
1257 2028 1358 2075 genti
1384 2029 1585 2064 encomium
1612 2041 1713 2074 prae-

310 2087 453 2121 struxit.
506 2086 657 2131 Scripsit

456 2144 761 2178 Introductionem
781 2144 826 2178 ad
844 2144 1014 2190 Logicam
1253 2144 1314 2179 lib.
1336 2155 1360 2179 1.

456 2201 637 2247 Excerpta
654 2214 698 2236 ex
715 2202 911 2236 Aristotele
1253 2203 1314 2238 lib.
1336 2212 1360 2237 Ι.

359 2259 460 2293 Obiit
476 2259 655 2294 Avenioni
674 2272 767 2294 anno
787 2269 951 2294 MDCXX.

588 2376 888 2412 GULIELMUS
913 2376 1292 2412 DRUMMONDUS.
1345 2379 1428 2413 438.

586 2434 843 2469 GEORGIUS
869 2434 1192 2469 DUGLASSIUS.
1247 2438 1330 2474 439.
