2044 2992
495 460 777 498 THOMAE
814 459 1227 495 DEMPSTERO
1270 459 1490 499 SCOTO,

607 552 820 587 Academiae
838 551 991 586 NOCTIS
1010 550 1193 585 Bononiae
1213 550 1378 594 ascripto,

306 645 344 678 V
341 645 412 680 fros
430 642 582 679 Patriae
598 653 686 677 suae
703 640 812 677 illust.
819 641 904 687 jam
922 645 1029 676 antea
1046 638 1243 686 descriptos
1260 638 1295 673 in
1315 638 1426 674 lucem
1451 651 1544 675 nunc·
1568 641 1691 677 edente

569 740 763 772 ADMOD.
796 740 836 771 R.
870 739 908 770 P.
940 737 1203 769 BASSIANO
1234 736 1419 774 GATTO,

646 834 823 869 Monacho
841 832 1052 867 Eremitano
1073 832 1109 865 S.
1130 831 1354 877 Hieronymi,

845 928 1145 961 EPIGRAMMA.

469 1053 575 1084 Sidera
590 1058 666 1094 quot
681 1061 801 1082 summo
818 1050 862 1081 sol
878 1056 967 1081 nocte
982 1049 1096 1080 colorat
1112 1048 1260 1091 Olympo,

514 1105 638 1135 NOCTE
655 1102 792 1133 Thomas
808 1101 891 1133 coelo
907 1107 952 1132 tot
969 1100 1089 1132 Scotiae
1105 1101 1290 1139 accumulat,

470 1157 569 1187 Nube
584 1156 655 1186 dein
670 1155 784 1186 frustra
801 1153 887 1195 cupit
903 1159 968 1184 atra
984 1152 1097 1184 oblivio
1113 1153 1231 1184 coelum

514 1208 665 1245 Obruere,
682 1214 718 1238 ut
732 1212 859 1248 pereant
875 1212 921 1237 tot
936 1211 1137 1236 monumenta
1152 1204 1218 1235 viri.

469 1260 530 1291 Ast
546 1259 589 1290 illi
604 1259 740 1290 rediviva¹
755 1258 838 1301 typis
852 1268 933 1288 nova
947 1256 1066 1288 lumina
1081 1263 1220 1298 surgent,

515 1312 561 1343 Ut
577 1311 637 1342 sint
652 1317 802 1353 perpetua
816 1310 849 1341 in
865 1310 989 1340 Nom:
1005 1308 1149 1339 habitura
1165 1308 1255 1340 diem.

471 1363 636 1405 Dempster
652 1362 847 1404 Apollineus,
864 1361 907 1392 sic
923 1372 993 1392 cum
1008 1360 1087 1391 Jove
1098 1360 1229 1403 junctus
1244 1361 1352 1399 amico,

515 1414 630 1446 Influet
646 1414 678 1445 in
693 1413 800 1452 vitam,
816 1419 853 1445 ut
868 1418 975 1444 vernet
990 1413 1029 1444 ab
1045 1412 1177 1455 eloquio.

842 1517 988 1548 Honoris
1003 1527 1075 1557 erqo
1087 1518 1198 1557 posuit
1213 1517 1361 1549 Ovmms
1379 1518 1659 1557 MONTALBAM‘>‚

951 1569 1160 1609 Ruyz'adosus
1176 1570 1385 1601 Academicus
1401 1572 1522 1602 Noc-tis.

532 1785 743 1817 ROBERTI
769 1785 903 1817 BODII
927 1785 1301 1818 ABREDONENSIS
1327 1787 1469 1818 SCOTI.

474 1886 595 1918 Heroos
611 1886 739 1925 animos,
755 1887 883 1928 aevique
899 1892 1023 1918 aeterna
1038 1887 1183 1918 Britanni

473 1938 559 1969 Dum
576 1945 611 1970 tu
626 1945 713 1980 gesta
728 1938 822 1977 canis,
839 1938 1034 1980 Dempstere‚
1051 1939 1231 1981 potentibus
1247 1939 1346 1982 impar

472 1990 610 2021 Tantum
627 1990 786 2028 coelicolis,
803 1990 890 2032 queis
905 2001 986 2021 mors
1001 1991 1159 2022 velocibus
1175 1991 1258 2022 horis

472 2041 492 2072 J
496 2053 543 2072 am
555 2042 647 2084 jubet
664 2053 728 2073 esse
743 2053 859 2084 parem,
876 2042 973 2073 nescit
988 2049 1043 2073 tua
1059 2043 1163 2074 scotia
1178 2043 1285 2074 laudes

473 2093 533 2125 Cui
549 2094 663 2125 tribuat
678 2105 776 2132 veras,
793 2100 896 2125 tantae
911 2094 1071 2136 praeconia
1086 2095 1196 2133 famae,

475 2145 509 2176 Si
524 2145 580 2176 tibi
596 2146 659 2177 sive
675 2145 743 2184 sibi,
761 2145 803 2176 sic
819 2157 921 2177 secum
938 2146 1034 2187 gloria
1049 2153 1164 2183 certat3

476 2197 537 2228 Sed
552 2204 623 2228 nato
639 2198 749 2228 debere
766 2208 821 2228 suo
837 2208 904 2228 mea
920 2197 1023 2229 Scotia
1038 2199 1164 2240 gaudet,

477 2249 521 2280 Et
536 2249 663 2290 gaudes,
680 2260 759 2287 care,
776 2256 811 2280 tu
827 2249 932 2280 tollere
944 2256 1031 2291 gesta
1046 2250 1190 2292 parentis.

479 2300 627 2331 Mortales
644 2312 699 2332 sua
713 2302 805 2332 busta
820 2301 932 2332 fleant:
957 2302 1135 2344 patriaeque
1151 2302 1269 2345 tibique

476 2352 529 2383 Tu
544 2352 621 2382 vivis
638 2359 707 2394 post
722 2353 803 2389 fata3
829 2353 875 2384 tui
891 2365 989 2384 novus
1005 2354 1104 2385 incola
1119 2355 1205 2393 coeli,

477 2403 616 2445 Despicis
632 2404 772 2436 aethereo
787 2405 928 2436 mortales
944 2405 1056 2436 vertice
1071 2417 1168 2437 curas.

478 2454 545 2485 Aut
561 2461 615 2486 tua
625 2456 690 2496 jam
707 2456 788 2488 dicat
803 2457 945 2498 genuisse
960 2457 1123 2488 Britannia
1138 2469 1265 2495 numen,

478 2507 546 2538 Aut
561 2507 702 2549 genuisse
718 2518 808 2539 suum
823 2508 979 2541 fateantur
993 2509 1121 2541 numina
1137 2510 1275 2542 Scotum.
