2032 2912
322 298 387 329 210
708 294 940 327 HISTORIA
965 293 1339 327 ECCLESIASTICA

867 447 1040 483 DAVID.
1091 451 1174 484 383.

326 573 346 587 “
364 566 503 600 DAVID
521 566 717 611 presbyter,
735 566 880 600 natione
898 565 1056 606 Scotus,”
1070 566 1122 600 ait
1135 565 1301 607 Balaeus‚
1323 569 1344 585 “
1358 565 1588 611 antiquorum
1606 566 1720 611 philo-

321 625 512 670 sophorum
531 626 692 669 exemplo
709 624 869 664 ductus,'’
895 624 1041 668 reliquit
1063 629 1197 659 terram
1220 624 1386 669 patriam,
1413 629 1448 658 et
1471 635 1590 659 amore
1612 625 1720 659 bona-

320 694 399 716 rum
418 683 688 727 disciplinarum
709 683 922 728 longinquas
946 682 1109 728 regiones
1133 682 1232 722 adiit,
1259 682 1298 716 in
1324 682 1543 726 superiorem
1571 682 1719 717 Germa-

318 741 426 781 niam,
444 745 526 785 post
542 741 649 786 longa
667 745 702 774 et
720 740 896 774 laboriosa
913 740 1043 781 studia,
1064 740 1284 784 exspatiatus
1303 744 1368 780 est,
1382 741 1428 774 ad
1441 740 1718 787 Wirceburgen-

317 809 392 832 sem
409 798 566 832 scholam
583 799 735 844 insignis
753 798 976 842 paedotribes
994 798 1170 831 admissus
1189 802 1254 831 est.
1289 797 1347 832 Eo
1361 802 1521 842 tempore
1537 798 1716 833 Henricus

318 855 362 891 V.
390 856 584 900 imperator
609 857 646 890 in
673 855 817 890 Italiam
843 855 948 889 rebus
975 855 1121 900 agendis
1149 854 1386 899 proficiscens,
1413 856 1474 889 sed
1500 866 1573 889 non
1601 857 1717 890 solum

317 915 464 948 armatis
486 913 672 953 militibus,
700 913 761 946 sed
785 918 820 946 et
841 911 967 956 peritis
991 922 1133 956 quoque
1157 912 1245 946 viris
1269 923 1309 946 ac
1333 913 1485 947 literatis
1511 913 1717 948 hominibus

315 972 483 1012 munivit,
507 976 548 1005 ut
571 982 635 1015 per
657 972 752 1015 ipsos
777 970 905 1014 cuique
928 970 1099 1014 poscenti,
1125 970 1164 1003 in
1190 970 1288 1004 omni
1315 970 1514 1004 eruditione
1540 971 1716 1005 rationem

315 1030 488 1064 redderet.
540 1029 640 1063 Inter
658 1039 716 1064 eos
733 1028 912 1062 Davidem
929 1027 1024 1060 hunc
1043 1026 1187 1061 Scotum
1206 1038 1228 1061 a
1245 1028 1381 1062 sacellis
1395 1028 1533 1068 habuit,
1552 1028 1716 1063 doctrina

314 1098 353 1121 ac
372 1098 512 1121 morum
531 1086 708 1131 probitate
725 1089 967 1129 praestantem
992 1085 1123 1125 virum,
1151 1090 1172 1104 ‘⁶
1190 1086 1252 1130 qui
1271 1086 1397 1131 jussus
1422 1085 1467 1120 ab
1484 1086 1556 1126 illo,
1580 1091 1622 1120 ut
1646 1086 1715 1121 Ur-

313 1145 514 1191 spergensis
541 1149 665 1178 auctor
691 1148 755 1183 est,
782 1142 921 1176 itineris
948 1142 1025 1188 ejus
1056 1154 1213 1184 cursum,
1241 1155 1362 1178 rerum
1393 1144 1432 1177 in
1460 1155 1500 1177 eo
1530 1149 1714 1190 gestarum

313 1203 470 1237 ordinem
490 1202 584 1236 facili
603 1203 707 1247 stylo,
726 1212 817 1246 quae
835 1200 879 1234 ab
897 1201 1062 1235 omnibus
1081 1202 1358 1248 intelligeretur,
1377 1202 1558 1247 digessit-'²
1596 1201 1713 1238 Addit

312 1260 653 1300 Malmesburiensis,
681 1260 757 1293 “in
776 1259 930 1305 gratiam
952 1258 1124 1304 principis
1147 1260 1341 1304 proclivior
1366 1270 1475 1304 quam
1501 1259 1713 1295 historicum

312 1318 488 1353 decebat.’'
540 1317 690 1363 Scripsit

460 1375 535 1410 Iter
553 1376 783 1420 Imperatoris
801 1375 956 1410 Romam
1260 1377 1322 1412 lib.
1343 1386 1368 1410 Ι.
1387 1376 1600 1411 Guilielmus
1619 1376 1712 1411 Mal-

508 1434 759 1468 mesburiensis
777 1434 1034 1480 panegyricum
1051 1434 1149 1470 haud
1165 1439 1258 1469 recte
1277 1439 1381 1469 vocat
1398 1434 1460 1469 lib.
1480 1443 1534 1468 IV.

458 1491 710 1536 Expeditionis
728 1490 862 1525 Seriem
1261 1492 1323 1527 lib.
1344 1501 1404 1527 111.
1434 1491 1586 1527 Indubie
1603 1493 1708 1533 idem,

505 1550 588 1583 licet
606 1550 676 1583 alio
695 1550 814 1589 titulo,
833 1560 934 1593 opus.

455 1606 739 1653 Magistratuum
759 1607 923 1653 Insignia
1252 1608 1313 1643 lib.
1335 1617 1360 1642 Ι.

454 1664 671 1711 Apologiam
689 1666 734 1698 ad
753 1664 940 1699 Caesarem
1250 1666 1312 1701 lib.
1333 1676 1358 1700 1.

455 1723 509 1757 De
528 1722 655 1769 Regno
674 1722 862 1757 Scotorum
1254 1724 1315 1759 lib.
1337 1733 1362 1758 Ι.

356 1781 496 1816 Claruit
513 1781 580 1815 sub
597 1780 803 1815 Alexandro
822 1780 851 1815 1.
870 1792 953 1827 rege
971 1780 1120 1822 Scotiae,
1139 1793 1233 1816 anno
1251 1783 1357 1817 salut.
1378 1791 1513 1817 Mcxx.

759 1898 795 1932 S.
823 1897 1107 1933 DAMIANUS.
1161 1900 1243 1933 384.

305 2016 340 2049 S.
359 2015 599 2057 DAMIANUS,
621 2016 658 2050 in
676 2016 793 2060 patria
811 2016 984 2050 incertum
1005 2027 1077 2061 qua
1094 2017 1175 2050 sede
1193 2016 1389 2061 episcopus,
1416 2020 1438 2036 “
1456 2017 1607 2051 eximiae
1631 2018 1706 2062 pie-

305 2074 400 2114 tatis,
426 2079 461 2108 et
483 2074 737 2109 sanctimoniae
756 2075 938 2108 illustris.’'
966 2074 1070 2108 Hect.
1091 2074 1268 2109 Boethius
1286 2075 1347 2109 lib.
1368 2083 1425 2108 IX.
1446 2073 1586 2109 Histor.
1607 2074 1703 2110 Scot.

304 2143 384 2177 pag.
420 2141 591 2166 CLXXVI.
655 2132 793 2166 Eodem
831 2137 988 2177 tempore
1027 2132 1132 2166 fidem
1168 2132 1410 2167 Christianam
1445 2133 1551 2167 rudes
1588 2133 1704 2167 adhuc

304 2191 452 2233 populos
479 2196 621 2224 strenue
649 2191 806 2231 docebat,
833 2202 914 2224 cum
942 2195 1142 2224 monstrum
1170 2190 1311 2224 Orienti
1339 2190 1447 2225 fatale
1473 2190 1704 2225 Mahometus

305 2246 403 2286 obiit,
428 2256 502 2280 XII.
528 2249 660 2282 scilicet
682 2248 882 2282 Donevaldi
905 2249 1000 2295 regis
1024 2260 1128 2288 anno,
1155 2249 1347 2293 eademque
1371 2253 1582 2293 tempestate
1608 2249 1703 2283 Con·

306 2314 431 2344 nanus,
463 2305 716 2346 Columbanus,
748 2306 980 2347 Chroniacus,
1014 2306 1178 2346 Dimaus‚
1213 2311 1247 2341 et
1281 2306 1474 2352 Bigitanus
1510 2306 1699 2352 episcopali

305 2373 445 2407 quoque
464 2362 596 2397 honore
614 2375 653 2397 ac
672 2365 859 2399 sanctitate
877 2365 1091 2399 eminebant.
1144 2363 1295 2409 Scripsit

452 2419 495 2454 In
514 2420 660 2455 Cantica
679 2421 908 2457 Canticorum
1243 2422 1303 2456 lib.
1325 2432 1348 2455 1.
