2032 2912
723 332 899 365 GENTIS
926 332 1206 371 SCOTORUM,
1231 333 1322 366 LIB.
1348 333 1412 366 ΙΙΙ.
1708 335 1770 369 167

518 427 772 462 Meditationes
791 438 899 472 super
917 428 1088 462 Passione
1105 427 1254 463 Domini
1409 429 1471 464 lib.
1491 438 1517 463 Ι.

418 485 585 519 Florebat
605 496 700 519 anno
719 494 951 519 Dccxxxw.
991 485 1080 520 Dies
1099 487 1269 521 incertus.

808 600 844 634 S.
872 599 1116 634 CONNALL
1122 600 1190 634 US.
1244 600 1326 636 286.

367 717 402 751 S.
421 716 676 750 CONNALLUS
690 715 828 756 Scotus,
842 714 1049 755 monachus,
1063 714 1194 750 Sancto
1209 715 1402 750 Columbae
1417 728 1453 751 se
1466 717 1591 763 junxit
1609 730 1652 753 ex
1670 720 1765 755 insu-

365 774 409 808 lis
435 774 473 807 in
498 773 689 808 Albionem
713 773 882 814 venienti,
910 784 974 807 nec
999 773 1063 807 diu
1087 777 1169 817 post
1190 774 1406 808 monasterio
1431 774 1557 809 Divini
1584 776 1694 811 Ruris
1721 778 1765 812 ab

365 832 486 866 eodem
505 836 628 865 sancto
646 835 849 865 constructo
867 831 1078 875 praefectus,
1096 841 1237 864 summa
1254 831 1474 866 continentia
1498 833 1601 874 vixit,
1625 839 1666 869 ut
1690 840 1765 869 erat

364 889 452 923 illud
471 890 629 923 seculum
647 888 724 922 Deo
741 890 894 933 placens,
912 899 976 923 nec
994 888 1092 922 aliud
1110 893 1316 923 sanctorum
1337 888 1491 924 feracius
1514 895 1647 926 temere
1668 893 1765 938 judi-

365 947 486 981 carim.
540 946 681 991 Scripta
698 945 864 980 Connalli
882 946 1076 991 perierunt.

415 1004 582 1039 Florebat
600 1004 638 1038 in
656 1003 775 1039 Scotia
793 1015 886 1038 anno
909 1012 1022 1038 Delx.
1075 1002 1216 1038 Colitur
1233 1004 1290 1038 die
1308 1013 1351 1039 11.
1370 1003 1394 1038 J
1396 1005 1485 1039 unii.

794 1119 831 1153 S.
859 1118 1195 1154 CORBICANUS.
1248 1121 1330 1157 287.

364 1235 400 1269 8.
425 1235 700 1274 CORBICANUS,
724 1234 918 1268 monachus
942 1245 982 1267 ac
1004 1234 1192 1278 presbyter
1210 1233 1348 1275 Scotus,
1366 1236 1442 1270 zelo
1466 1236 1593 1270 domus
1617 1236 1685 1271 Dei
1709 1238 1762 1271 in-

363 1303 499 1332 census,
518 1292 563 1325 ad
581 1292 794 1336 populorum
812 1291 1078 1325 conversionem
1096 1291 1255 1325 animum
1273 1291 1438 1332 intendit,
1457 1297 1492 1327 et
1506 1304 1588 1327 cum
1601 1292 1637 1327 S.
1652 1293 1762 1328 Adal-

361 1349 440 1395 giso
461 1348 580 1383 Scotia
604 1359 777 1395 egressus,
803 1349 842 1382 in
868 1348 1036 1394 Belgium
1062 1359 1099 1383 se
1125 1349 1288 1389 contulit,
1314 1348 1376 1383 ubi
1402 1349 1497 1384 inter
1521 1350 1639 1396 gentis
1665 1351 1761 1386 illius

364 1407 574 1451 apostolicos
592 1407 689 1441 viros
706 1411 930 1447 numeratur,
949 1410 992 1441 ut
1009 1417 1053 1440 ex
1070 1405 1159 1441 Vita
1176 1405 1212 1439 S.
1232 1405 1398 1452 Adalgisi
1415 1406 1593 1441 docemur.
1646 1407 1763 1453 Scrip-

362 1470 399 1500 ta
417 1465 643 1499 interierunt.

411 1522 713 1569 Peregrinabatur
724 1533 818 1557 anno
829 1530 939 1556 DCLI.
951 1525 994 1556 ut
1006 1532 1050 1556 ex
1064 1520 1248 1568 Sigeberto
1261 1521 1408 1556 clarum.
1436 1521 1577 1557 Colitur
1590 1522 1647 1557 die
1660 1532 1759 1558 xxv,

361 1580 385 1614 J
387 1579 474 1615 unii.

830 1695 865 1728 S.
893 1693 1156 1728 CYRIACUS.
1212 1696 1295 1728 288.

362 1810 397 1844 S.
429 1811 650 1850 CYRIACUS,
686 1808 742 1843 vir
775 1810 906 1844 summi
940 1808 1106 1848 nominis,
1141 1808 1326 1853 episcopus
1357 1807 1494 1849 Scotus,
1529 1814 1564 1844 et
1594 1816 1756 1855 martyr:

362 1868 419 1901 hic
453 1868 548 1902 enim
584 1867 722 1902 Romae
754 1867 942 1900 cardinalis
973 1866 1111 1912 agebat,
1142 1877 1223 1899 cum
1254 1865 1289 1899 S.
1322 1864 1455 1900 Ursula
1485 1866 1646 1912 virginea
1676 1878 1756 1901 cum

360 1926 498 1971 legione
516 1937 557 1959 eo
576 1925 684 1965 venit,
702 1929 738 1959 et
757 1929 778 1944 “
796 1924 880 1969 quia
903 1929 979 1958 erat
1002 1934 1046 1957 ex
1069 1924 1147 1969 ejus
1169 1923 1316 1968 patria,”
1342 1928 1384 1957 ut
1409 1925 1568 1968 loquitur
1593 1924 1756 1971 Catalogi

361 1988 485 2018 auctor
504 1983 632 2017 Petrus
655 1983 715 2017 lib.
738 1991 794 2016 IX.
817 1993 892 2026 cap.
914 1990 1074 2015 xxcvn.
1100 1981 1180 2015 ideo
1203 1981 1364 2015 cumina
1390 1981 1555 2026 martyrii
1581 1982 1755 2017 desiderio

360 2040 512 2081 fervens,
543 2040 728 2075 Coloniam
762 2051 799 2074 se
830 2040 991 2080 contulit,
1024 2039 1086 2073 ubi
1116 2043 1274 2082 optatam
1305 2039 1368 2072 diu
1398 2040 1554 2083 palmam
1584 2040 1753 2084 percepit,

359 2110 440 2132 cum
454 2098 654 2144 virginibus
668 2108 800 2133 caesus.
832 2095 944 2131 Errat
959 2107 1042 2131 vero
1056 2096 1184 2130 Petrus
1200 2096 1404 2141 Equilinus,
1419 2107 1532 2141 nuper
1545 2098 1621 2131 loco
1634 2098 1754 2132 lauda-

360 2161 408 2195 to,
441 2156 504 2200 qui
526 2166 607 2189 eum
631 2154 833 2200 pontificem
858 2154 1054 2188 maximum
1081 2159 1117 2188 et
1148 2154 1313 2188 ecclesiae
1341 2158 1448 2198 caput
1479 2153 1589 2188 fuisse
1619 2155 1753 2195 scribit,

360 2219 394 2247 et
426 2213 570 2257 insuper
604 2213 643 2246 in
677 2212 776 2246 Petri
811 2212 978 2246 cathedra
1008 2212 1139 2245 sedisse
1166 2222 1260 2245 anno
1289 2222 1372 2251 uno,
1408 2210 1588 2245 mensibus
1623 2212 1753 2252 decem,

359 2270 482 2304 diebus
504 2270 654 2316 viginti3
678 2281 758 2304 cum
780 2281 851 2304 non
876 2270 923 2303 sit
947 2269 1139 2303 verisimile
1157 2279 1249 2308 eum,
1276 2273 1317 2302 ut
1334 2269 1394 2302 ille
1412 2268 1473 2309 ait,
1501 2272 1522 2287 “
1540 2269 1625 2313 quia
1642 2269 1754 2303 cardi-

358 2328 498 2362 nalibus
524 2334 560 2362 et
586 2329 678 2362 clero
703 2327 828 2361 invitis
852 2326 1011 2366 decessit,
1038 2337 1178 2360 erasum
1204 2325 1411 2371 pontificum
1438 2325 1517 2360 albo
1532 2326 1564 2367 ;'’
1589 2337 1662 2360 non
1688 2332 1752 2367 est,

357 2386 514 2430 inquam,
546 2386 748 2424 verisimile,
780 2385 865 2429 quia
890 2384 1059 2418 historica
1084 2384 1317 2418 ecelesiastica
1341 2395 1414 2418 non
1439 2388 1613 2418 memorat
1638 2385 1752 2418 ullum

357 2444 400 2477 ad
420 2455 496 2478 eam
516 2444 633 2478 sedem
656 2444 817 2483 electum,
840 2432 965 2487 sponte
987 2442 1198 2482 discessisse,
1225 2446 1366 2486 praeter
1392 2440 1427 2476 S.
1456 2440 1605 2476 Petrum
1632 2441 1751 2476 Coele-
