2032 2912
337 304 399 335 154
716 299 950 332 HISTORIA
974 298 1352 331 ECCLESIASTICA

339 398 435 432 Hinc
462 396 639 430 Osualdus
667 406 728 428 rex
754 405 818 439 per
844 395 979 440 legatos
1005 405 1026 427 a
1051 393 1261 427 Donevaldo
1295 393 1483 428 Scotorum
1515 405 1598 440 rege
1630 395 1733 439 petiit

338 462 378 490 ut
398 456 510 488 labem
529 453 753 498 gentilitatis,
777 463 883 497 quam
903 452 1114 485 invexerant
1132 450 1276 485 Ofricus
1296 456 1331 485 et
1345 451 1528 486 Eufredus
1547 463 1659 498 reges,
1674 453 1735 497 pia

336 511 596 557 praedicatione
615 515 825 556 extergeret.
880 510 949 544 Sed
978 514 999 529 ‘⁶
1017 520 1097 543 cum
1116 508 1317 544 Cormanus
1337 509 1450 544 bonus
1469 510 1526 543 vir
1543 515 1645 550 esset,
1673 512 1734 545 sed

336 568 507 613 asperiori
523 568 667 614 ingenio
679 569 894 612 praeditus?
908 572 949 602 ut
963 579 1005 601 ex
1021 566 1120 601 Beda
1134 567 1294 611 loquitur
1308 567 1519 601 Franciscus
1534 567 1733 603 Godwinus

336 628 378 660 de
398 626 555 660 Praesul.
575 625 766 671 Anglican.
786 637 820 669 p.
841 635 884 659 11.
903 637 985 671 pag.
1001 634 1084 659 XCI.
1100 625 1175 658 sive
1190 629 1211 643 ‘⁵
1224 625 1319 669 quod
1334 636 1461 659 arcana
1479 625 1548 658 Dei
1567 626 1734 660 sublimia

334 695 464 729 magno
483 684 673 717 verborum
692 684 855 728 strepitu,
874 684 918 717 ad
937 683 1211 717 ostentationem
1230 683 1349 726 potius
1376 683 1511 729 ingenii
1538 695 1647 727 quam
1674 695 1734 718 au·

334 742 490 776 ditorum
509 741 654 775 rudium
671 741 864 775 utilitatem
883 741 1071 787 ingereret,
1089 745 1131 774 ut
1148 751 1212 774 nec
1232 740 1341 775 bonos
1364 752 1480 775 mores
1505 742 1733 776 concionibus

333 800 407 834 suis
425 799 618 838 induceret,
633 809 697 832 nec
714 798 759 831 ad
773 799 996 843 suscipienda
1009 797 1091 831 fidei
1104 798 1209 831 initia
1222 798 1360 832 animos
1374 799 1618 837 blandioribus
1632 810 1732 843 prae-

333 857 443 902 ceptis
455 857 640 896 molliret,'’
658 857 696 889 in
707 856 860 900 patriam
875 867 913 889 re
924 855 1055 889 infecta
1072 855 1189 895 rediit,
1204 855 1259 888 cui
1275 866 1455 889 successor
1469 855 1634 890 Aidanus
1649 858 1733 891 mis-

332 926 393 949 sus
412 919 525 949 totam
543 915 724 960 regionem
743 914 787 947 ad
806 913 991 947 Christum
1010 913 1196 953 convertit,
1215 917 1257 946 ut
1283 913 1343 947 lib.
1360 922 1386 946 1.
1414 924 1522 957 supra
1540 913 1606 947 hoc
1625 925 1730 958 opere

332 973 446 1013 docui,
478 976 513 1005 et
543 972 770 1005 consentiunt
801 971 984 1004 annalium
1014 971 1229 1005 nostratium
1262 972 1464 1015 scriptores,
1498 983 1562 1005 nec
1599 973 1732 1007 dissen-

331 1030 428 1064 tiunt
446 1029 604 1075 Anglici.
634 1028 802 1073 Polydor.
822 1027 998 1073 Virgilius
1017 1028 1078 1062 lib.
1094 1038 1148 1062 IV.
1168 1040 1249 1075 pag.
1271 1038 1421 1062 LXXXI.
1436 1029 1498 1074 qui
1517 1030 1560 1062 de
1578 1028 1732 1071 Aidano,

331 1092 366 1122 et
384 1087 543 1122 Osualdo
560 1097 643 1132 rege
662 1097 726 1130 per
751 1097 844 1126 eum,
871 1086 958 1119 dum
982 1086 1019 1119 in
1046 1086 1165 1120 Scotia
1191 1087 1364 1127 exularet,
1393 1086 1600 1121 Christiano
1627 1087 1732 1128 facto,

330 1146 372 1179 de
391 1145 570 1180 Cormano
588 1144 689 1184 nihil,
708 1144 762 1178 uti
786 1155 850 1178 nec
867 1144 1075 1178 Matthaeus
1102 1143 1498 1178 Westmonasteriensis
1525 1145 1570 1179 ad
1597 1157 1732 1180 annum

331 1212 519 1237 DCXXXV.
548 1207 569 1221 “
592 1201 772 1236 Osualdus
799 1212 950 1248 regnum
977 1202 1383 1236 Northanhumbrorum
1409 1204 1591 1248 integrum
1623 1204 1734 1238 susci-

329 1262 442 1306 piens,
462 1265 503 1295 ut
522 1260 626 1294 fidem
645 1264 791 1306 augeret
809 1261 846 1294 in
865 1271 975 1306 regno
993 1271 1068 1301 suo,
1095 1260 1195 1294 misit
1221 1261 1259 1294 in
1285 1260 1442 1295 Scotiam
1469 1261 1531 1295 ubi
1559 1263 1733 1303 exularat,

330 1325 366 1354 et
385 1319 518 1363 accepit
535 1318 737 1363 pontificem
751 1317 935 1352 Aidanum
954 1329 1105 1364 magnae
1123 1318 1306 1364 religionis
1326 1319 1444 1353 virum
1460 1329 1468 1353 :
1496 1320 1655 1354 venienti
1668 1321 1734 1367 igi-

332 1382 392 1411 tur
423 1377 586 1421 episcopo
616 1387 679 1410 rex
707 1376 887 1410 Osualdus
915 1376 1034 1410 sedem
1062 1376 1295 1421 episcopalem
1324 1377 1360 1411 in
1381 1377 1505 1411 'insula
1532 1377 1733 1412 Lindisfar-

333 1436 434 1469 nensi
464 1434 661 1469 concessit:
688 1433 750 1467 ubi
772 1434 885 1480 igitur
902 1433 988 1467 fides
1015 1434 1130 1478 coepit
1156 1435 1310 1475 dilatari,
1337 1435 1489 1481 contigit
1514 1440 1556 1469 ut
1582 1447 1733 1482 evange-

331 1493 463 1527 lizante
480 1491 635 1533 Aidano,
655 1492 717 1536 qui
735 1491 929 1538 Anglicum
948 1491 1101 1535 perfecte
1119 1503 1191 1526 non
1208 1498 1368 1533 noverat,
1387 1493 1463 1536 ipse
1480 1504 1544 1526 rex
1571 1494 1644 1527 suis
1669 1494 1732 1528 du-

330 1552 429 1586 cibus
447 1555 482 1585 et
506 1551 680 1584 ministris
706 1551 881 1594 interpres
908 1550 1086 1590 existeret,
1113 1551 1221 1596 longo
1247 1551 1342 1584 enim
1368 1551 1465 1584 exilii
1492 1551 1548 1585 sui
1573 1556 1732 1596 tempore

330 1608 696 1655 linguam'Scotorum
714 1609 817 1652 plene
835 1608 1015 1642 didicerat.
1043 1607 1131 1642 Inde
1149 1608 1311 1654 contigit,
1338 1612 1379 1642 ut
1405 1608 1490 1642 fides
1517 1609 1604 1643 adeo
1630 1609 1730 1643 brevi

332 1671 511 1706 cresceret,
530 1670 571 1700 ut
589 1666 627 1699 in
645 1666 788 1711 regione
806 1665 867 1699 illa
884 1665 1087 1699 incredulus
1114 1667 1234 1700 nullus
1261 1666 1516 1700 inveniretur.''
1568 1666 1619 1701 Ut
1645 1667 1731 1702 haec

328 1724 483 1769 perfecta
500 1735 563 1768 per
581 1723 617 1757 S.
636 1723 830 1763 Aidanum,
849 1723 901 1757 ita
917 1723 1080 1767 incoepta
1097 1735 1160 1768 per
1174 1723 1403 1763 Cormanum‚
1420 1735 1526 1769 quem
1541 1725 1730 1769 scriptores

328 1781 484 1827 Anglici‚
503 1782 597 1826 quod
615 1782 734 1821 sciam,
753 1792 825 1814 non
843 1781 1041 1815 nominant.
1069 1781 1227 1815 Florent.
1255 1781 1483 1828 Vigorniens.
1508 1783 1554 1816 ad
1580 1784 1731 1818 eundem

329 1850 483 1873 annum:
512 1845 532 1859 “
551 1840 630 1874 Rex
649 1839 828 1873 Osualdus
846 1839 945 1873 misit
963 1840 1007 1873 ad
1030 1840 1182 1885 majores
1201 1839 1387 1874 Scotorum
1414 1845 1513 1880 natu,
1539 1845 1663 1885 petens
1690 1846 1731 1876 ut

330 1898 396 1931 sibi
415 1898 618 1932 mitteretur
635 1898 794 1938 antistes,
813 1897 870 1931 cui
888 1897 1050 1941 pontifex
1066 1898 1196 1931 missus
1215 1902 1268 1932 est
1286 1897 1463 1939 Aidanus,
1482 1910 1545 1943 per
1563 1910 1679 1944 quem,
1695 1905 1730 1934 et

330 1967 393 2000 per
411 1957 527 2000 ipsum
548 1956 783 1990 clarissimum
801 1959 836 1989 et
857 1955 1120 1989 sanctissimum
1139 1967 1258 2002 regem
1278 1955 1489 1997 Osualdum,
1520 1958 1558 1991 in
1584 1957 1729 2001 provin-

330 2013 384 2046 cia
413 2013 659 2047 Berniciorum
690 2013 848 2057 primum
877 2012 1051 2047 fundatur
1081 2014 1224 2047 ecclesia
1254 2013 1401 2054 Christi,
1432 2019 1468 2049 et
1493 2015 1729 2049 instituitur-'³

332 2070 527 2115 Scripserat
545 2070 743 2104 Cormanus

481 2128 704 2163 Documenta
723 2128 825 2162 Fidei
843 2128 888 2162 ad
905 2127 1243 2163 Northanhumbros
1322 2130 1383 2163 lib.
1404 2139 1429 2163 1.

453 2229 455 2231 η
480 2185 673 2220 Com-iones
1323 2187 1384 2221 lib.
1406 2196 1431 2221 1.

482 2242 764 2277 Commentarios
783 2244 821 2276 in
839 2243 1040 2288 Scripturas
1323 2246 1383 2279 lib.
1405 2255 1430 2279 1.

480 2299 572 2333 Acta
590 2300 796 2346 Legationis
1319 2303 1379 2337 lib.
1403 2312 1428 2336 1.

383 2356 524 2391 Floruit
541 2368 634 2391 anno
653 2367 811 2393 DCXXX.
865 2358 1005 2393 Colitur
1027 2369 1098 2393 XII.
1118 2359 1255 2394 Martii.
