2032 2912
326 305 390 336 132
703 301 936 335 HISTORIA
961 300 1335 334 ECCLESIASTICA

326 399 397 432 filio
430 398 570 432 Pendae
601 397 695 443 regis
729 395 959 436 Merciorum,
990 395 1095 430 fidem
1123 401 1159 430 et
1185 400 1407 431 sacramenta
1435 395 1571 430 Christi
1600 407 1718 441 perce-

323 461 463 500 perunt,
488 455 565 499 ipso
587 455 746 499 principe
769 455 925 498 primum
950 465 971 487 a
996 453 1160 487 Finnano
1182 453 1347 497 episcopo
1369 453 1464 497 apud
1488 452 1651 487 Oswium
1678 454 1716 487 in

325 511 596 552 Northumbria,
629 523 709 545 cum
738 511 902 546 omnibus
932 511 994 556 qui
1026 522 1144 545 secum
1176 515 1359 551 venerant,
1395 510 1589 555 baptizato,
1619 515 1716 554 post-

324 570 468 603 modum
495 579 579 603 vero
605 580 646 603 eo
671 569 816 604 domum
843 580 997 608 reverso,
1026 568 1171 603 caeteris
1197 569 1240 601 de
1266 579 1332 602 sua
1355 573 1460 613 gente
1485 567 1676 611 baptizatis
1695 579 1716 601 a

321 626 538 671 presbyteris
561 631 717 671 quatuor
743 626 873 666 Cedda,
899 624 1017 666 Adda,
1043 625 1162 665 Betta,
1189 630 1224 659 et
1249 625 1382 665 Duina,
1412 636 1501 670 quos
1527 636 1646 659 secum
1672 624 1715 658 de

319 683 479 728 praefata
517 684 716 718 adduxerat
750 683 966 728 provincia-'²
1036 682 1106 717 Hic
1135 683 1229 717 idem
1266 683 1494 717 orientalium
1530 682 1712 717 Saxonum

319 742 510 786 apostolus,
549 752 668 787 regem
715 741 940 787 Sigebertum
981 740 1249 774 commendante
1287 751 1370 785 rege
1412 740 1572 780 Oswino,
1612 751 1713 784 prae-

318 799 448 832 claram
478 798 516 832 in
547 809 589 832 ea
622 803 728 844 gente
763 797 898 832 Christi
933 796 1000 831 fide
1030 797 1222 831 imbuenda
1256 808 1400 841 operam
1429 798 1589 831 navavit.
1650 796 1714 830 Di—

317 861 394 890 ctus
436 856 640 890 Florentius
679 855 938 901 Vigorniensis,
973 854 1055 889 licet
1097 853 1234 888 Scotico
1277 854 1413 888 nomini
1450 853 1712 888 infensissimus

318 914 441 953 hostis,
460 913 702 947 testimonium
726 912 811 946 facit
828 923 908 957 pag.
927 920 1025 945 DLX.
1053 914 1075 929 “
1094 909 1175 948 Quo
1193 908 1392 954 (Sigeberto
1410 910 1508 954 rege)
1535 909 1636 954 regni
1655 909 1711 942 sui

316 972 434 1005 sedem
452 974 643 1015 repetente,
662 981 725 1004 rex
743 969 913 1003 Oswinus
931 969 1030 1003 misit
1047 978 1126 1001 cum
1146 967 1207 1000 illo
1220 966 1339 999 virum
1353 965 1421 999 Dei
1440 965 1597 999 Ceddam
1615 977 1711 1010 pres—

316 1028 481 1073 byterum
500 1028 544 1061 ad
562 1027 839 1071 praedicandum
858 1025 1005 1059 verbum
1032 1024 1101 1058 Dei
1126 1022 1431 1063 East-Saxonicis,
1457 1023 1520 1057 ubi
1546 1034 1626 1057 cum
1653 1023 1713 1057 ille

314 1086 464 1119 multam
485 1084 642 1118 Domino
660 1083 841 1118 ecclesiam
867 1085 1127 1128 congregasset,
1152 1085 1188 1115 et
1211 1085 1357 1125 propter
1383 1081 1598 1125 colloquium
1623 1080 1711 1114 Fin-

314 1143 397 1176 nani
419 1142 572 1186 episcopi
592 1142 737 1175 domum
755 1151 919 1174 reversus
930 1144 1033 1180 esset,
1047 1139 1199 1186 gradum
1214 1139 1436 1183 episcopatus
1450 1138 1496 1172 ab
1510 1150 1550 1172 eo
1564 1139 1710 1183 accepit,

313 1204 347 1233 et
372 1200 409 1233 in
426 1199 647 1243 provinciam
670 1209 833 1232 reversus
851 1198 979 1243 majori
997 1196 1209 1232 auctoritate
1227 1200 1392 1240 coeptum
1411 1207 1500 1240 opus
1518 1197 1708 1241 explevit.’'

312 1257 468 1290 Videant
486 1255 597 1302 Angli
616 1261 791 1301 quantum
811 1255 925 1289 Scotis
942 1255 1103 1294 debeant,
1130 1254 1175 1288 ad
1200 1253 1305 1287 fidem
1331 1253 1376 1287 ab
1402 1253 1446 1287 iis
1472 1254 1644 1294 conversi,
1672 1254 1709 1288 in

311 1315 488 1360 gremium
520 1318 661 1348 sanctae
684 1314 847 1348 ecclesiae
873 1312 1066 1346 eorundem
1089 1311 1289 1345 ministerio
1312 1311 1453 1355 recepti.
1506 1311 1594 1345 Fuit
1621 1323 1708 1357 ergo

312 1370 613 1411 East-Saxonum,
644 1372 719 1405 sive
745 1370 973 1405 orientalium
1001 1369 1217 1415 Anglorum,
1243 1369 1382 1412 primus
1408 1368 1619 1413 episcopus3
1647 1370 1708 1403 sed

312 1434 347 1462 et
383 1440 446 1473 per
485 1428 682 1462 absentiam
724 1427 886 1462 Wilfridi
921 1426 1157 1461 Eboracensis
1199 1426 1484 1470 archiepiscopus
1526 1437 1707 1460 consecra-

312 1490 370 1519 tus
389 1491 464 1527 est3
492 1491 570 1520 tum
589 1486 649 1520 illo
668 1486 847 1524 redeunte,
865 1489 990 1529 sponte
1008 1484 1133 1518 cedens
1152 1483 1196 1523 ei,
1220 1483 1257 1516 in
1276 1482 1567 1529 Leastingaigam
1586 1495 1707 1518 mona-

312 1544 473 1584 sterium,
505 1556 526 1578 a
556 1555 592 1577 se
620 1547 864 1577 constructum
889 1541 1101 1575 liberalitate
1129 1540 1303 1586 Sigeberti
1333 1541 1439 1585 regis,
1471 1542 1705 1576 monasticam

311 1601 421 1634 vitam
459 1601 623 1644 deinceps
659 1599 884 1644 professurus
922 1599 1075 1639 secessit,
1113 1599 1220 1643 idque
1255 1597 1435 1631 Theodori
1470 1597 1704 1633 cantuarien-

309 1658 356 1691 sis
386 1657 638 1701 archiepiscopi
668 1660 808 1702 rogatu,
840 1666 954 1699 neque
984 1654 1078 1688 enim
1108 1653 1178 1687 nisi
1209 1664 1292 1699 rege
1324 1652 1479 1698 ngrido
1504 1652 1704 1688 Northum-

306 1714 404 1748 briae
439 1715 475 1747 id
505 1718 717 1758 procurante
748 1713 865 1747 sedem
897 1711 1157 1746 Eboracensem
1189 1715 1434 1754 occupaverat.
1498 1710 1618 1750 Quare
1648 1723 1703 1746 ar-

306 1772 547 1816 chiepiscopus
567 1770 852 1804 Lindisfarorum
872 1769 1004 1803 dicitur
1025 1780 1047 1802 a
1064 1767 1267 1801 Trithemio
1293 1768 1353 1803 lib.
1380 1776 1440 1802 111.
1465 1769 1508 1802 de
1536 1768 1637 1804 Viris
1663 1771 1703 1804 il·

305 1829 444 1862 lustrib.
465 1828 551 1862 Ord.
572 1827 692 1861 Sancti
712 1827 908 1861 Benedicti.
933 1825 1104 1871 Elogium
1131 1826 1163 1859 ei
1189 1824 1416 1871 magnificum
1444 1827 1609 1872 appingit
1634 1827 1704 1862 Be-

306 1887 360 1926 da,
389 1886 473 1919 dum
506 1890 608 1919 vocat
627 1890 647 1904 ‘⁶
666 1885 784 1918 virum
815 1889 989 1923 sanctum,
1016 1883 1216 1917 modestum
1243 1882 1413 1924 moribus,
1441 1884 1700 1928 scripturarum

306 1944 453 1977 lectione
473 1942 686 1977 sufficienter
703 1942 893 1981 imbutum,
913 1946 947 1974 et
966 1952 1007 1975 ea
1023 1952 1114 1985 quae
1132 1940 1270 1986 agenda
1292 1941 1330 1973 in
1355 1941 1542 1985 scripturis
1568 1942 1699 1977 didice-

304 2006 371 2041 rat,
390 2000 554 2045 operibus
577 2001 724 2034 solerter
742 1998 1007 2044 exequentem.”
1058 1995 1158 2031 Beda
1176 1997 1237 2031 lib.
1255 2006 1314 2030 111.
1330 1996 1536 2032 Ecclesiast.
1557 1998 1696 2034 Histor.

306 2070 381 2102 cap.
402 2066 500 2091 XXV.

354 2116 499 2150 Praeter
517 2115 580 2149 has
599 2115 721 2149 laudes
748 2114 894 2149 accessit
919 2114 1158 2149 memorabilis
1184 2114 1297 2159 ipsius
1323 2114 1437 2158 pietas
1456 2115 1493 2149 in
1511 2114 1695 2151 fundando

306 2172 471 2206 coenobio
502 2171 694 2206 Eadbarna
723 2173 761 2206 in
791 2183 896 2206 usum
931 2172 1249 2218 peregrinantium,
1285 2173 1387 2217 cujus
1418 2172 1515 2206 fama
1545 2173 1696 2208 celebra-

303 2229 442 2262 tissima
481 2230 518 2262 in
551 2229 655 2263 rebus
686 2229 840 2275 Angliae
876 2230 1129 2263 ecclesiasticis.
1195 2229 1291 2264 Tum
1320 2231 1462 2264 demum
1493 2230 1694 2266 Vulfherus

305 2286 460 2319 Merciae
485 2297 557 2326 rex,
590 2285 805 2321 Iarumanno
831 2287 994 2331 episcopo
1020 2286 1259 2321 Lichfeldensi
1285 2288 1463 2329 defuneto,
1492 2289 1587 2322 huuc
1613 2300 1693 2323 nos-

306 2349 401 2376 trum
435 2342 589 2376 Ceddam
620 2344 816 2384 substituit,
856 2344 918 2388 qui
948 2345 986 2377 in
1016 2345 1256 2379 controversia
1282 2345 1343 2379 illa
1368 2347 1482 2391 gravi.
1509 2351 1550 2379 ut
1576 2357 1617 2379 ea
1642 2346 1692 2379 fe-

306 2399 430 2433 rebant
442 2405 611 2444 tempora,
626 2400 668 2433 de
683 2401 914 2435 celebratione
927 2400 1121 2441 Paschatis,
1136 2403 1314 2448 egregiam
1330 2402 1513 2436 Romanae
1527 2402 1692 2436 ecclesiae

307 2457 454 2490 navavit
473 2467 624 2501 operam.
677 2457 728 2491 Et
746 2458 887 2502 scripsit
