2032 2912
724 345 900 379 GENTIS
925 346 1201 387 SCOTORUM‚
1225 348 1314 382 LIB.
1335 349 1393 381 VI.
1690 353 1752 386 297

367 438 607 472 munitissima
624 439 749 474 urbem
766 444 889 475 tuetur
905 441 1090 486 reliquam.
1142 442 1195 477 At
1209 454 1253 477 ne
1271 444 1411 490 longior
1428 455 1535 489 quam
1552 456 1617 490 par
1634 446 1681 480 sit
1699 447 1751 480 vi-

365 496 460 537 dear,
480 495 642 538 infinitis,
662 508 752 542 quae
770 503 973 542 supersunt,
990 498 1100 544 hujus
1113 499 1211 534 urbis
1225 500 1389 535 laudibus
1403 503 1623 547 supersedeo,
1642 504 1751 548 siqui-

365 554 445 588 dem
463 554 577 588 casin
595 553 784 589 Itinerario
807 554 932 589 Italiae
955 556 1079 590 retulit
1102 556 1240 604 Capug.
1268 558 1479 593 Franciscus
1497 559 1634 601 Scotus,
1658 560 1752 596 Ant-

364 611 562 655 verpiensis
584 611 719 652 doctor,
737 611 865 646 Frater
882 611 1045 647 Leander
1060 612 1203 648 Alberti
1226 616 1273 649 in¹
1287 615 1534 661 Descriptione
1558 616 1693 659 Italiae,
1715 624 1750 653 et

365 667 408 701 F.
432 667 557 702 Jacob.
582 667 773 713 Philippus
791 668 829 702 in
846 667 1068 703 Additionib.
1095 671 1140 704 ad
1165 671 1385 718 Doglionum
1410 674 1448 707 in
1473 673 1751 719 Amphitheatro

363 724 543 769 Europae,
561 724 717 759 Locatus
731 726 769 760 in
784 725 947 760 Historia
964 727 1128 762 laudatae
1146 728 1321 771 civitatis;
1346 741 1436 774 quae
1453 729 1620 765 Straboni
1636 732 1696 767 lib.
1712 741 1748 766 v,

363 782 449 816 urbs
480 781 578 816 fama
603 782 748 817 celebris
774 782 916 823 dicitur,
943 783 1137 819 Plutarcho
1160 786 1198 819 in
1223 786 1366 821 Othone
1389 787 1538 822 illustris
1564 792 1600 822 et
1623 788 1751 823 florens

363 839 408 873 ad
426 839 636 884 quarumvis
662 840 807 875 urbium
830 841 1078 882 collationem3
1107 844 1203 888 apud
1228 843 1434 878 Cornelium
1460 844 1625 880 Tacitum
1651 847 1752 881 audit

363 896 448 931 urbs
475 901 601 940 potens
627 897 753 941 opibus
781 902 816 932 et
839 898 960 939 armis,
985 899 1088 945 cujus
1114 905 1149 935 et
1174 900 1220 935 D.
1239 901 1452 936 Ambrosius
1470 902 1571 946 epist.
1591 911 1679 937 VIII.
1706 905 1751 937 ad

365 954 542 988 Faustum
558 953 782 989 nobilitatem
799 955 931 1002 arguit,
949 959 985 990 et
1002 958 1255 1003 antiquitatem
1267 959 1426 1005 ejusdem
1440 970 1461 993 a
1473 960 1627 994 nomine.
1666 960 1753 995 Om-

362 1012 424 1046 nia
448 1016 569 1046 tamen
591 1016 736 1056 superat
762 1013 932 1054 encomia,
957 1024 1029 1059 quo
1054 1014 1161 1062 Greg.
1188 1015 1236 1051 X.
1263 1028 1372 1061 supra
1396 1017 1573 1058 laudatus,
1598 1019 1752 1063 patriam

363 1080 465 1104 suam
483 1070 693 1114 compellat3
721 1070 780 1104 ille
798 1070 893 1105 enim
910 1070 949 1105 in
966 1083 1018 1112 ea,
1042 1084 1150 1118 quam
1167 1075 1213 1109 ad
1231 1074 1456 1109 Placentinos
1474 1075 1568 1109 cives
1592 1087 1614 1110 a
1634 1087 1752 1111 conse-

364 1128 523 1162 cratione
549 1138 615 1162 sua
639 1128 793 1172 scripsit,
819 1128 917 1162 bulla
942 1129 1026 1164 data
1046 1129 1167 1166 Later.
1187 1141 1242 1167 Iv.
1260 1133 1324 1167 cal.
1348 1131 1439 1177 Apr.
1457 1137 1556 1178 pont.
1581 1133 1636 1167 sui
1659 1144 1752 1168 anno

364 1194 389 1219 1.
408 1187 472 1220 sal.
491 1196 576 1220 vero
592 1185 693 1220 hum.
713 1194 936 1220 MCCLXXII.
960 1191 1015 1227 ut,
1033 1189 1159 1232 positis
1177 1190 1268 1224 odiis
1285 1195 1322 1224 et
1345 1190 1642 1232 contentionibus,
1665 1202 1753 1226 una-

362 1243 477 1278 nimes
503 1244 678 1284 viverent,
708 1248 813 1279 vocat
840 1244 939 1278 illam
962 1245 1144 1282 civitatem
1168 1248 1304 1282 dudum
1328 1248 1489 1283 virorum
1511 1249 1754 1293 praeditorum

366 1301 576 1342 virtutibus,
602 1306 639 1336 et
664 1301 873 1336 divitiarum
898 1301 1116 1338 fecunditate
1140 1304 1368 1348 praeclaram,
1395 1304 1556 1338 claritate
1572 1304 1754 1348 conspicu-

362 1370 432 1399 am,
449 1364 486 1393 et
502 1359 663 1403 ipsorum
681 1359 902 1394 abundantia
918 1360 957 1394 in
973 1365 1163 1405 conspectu
1177 1361 1337 1395 omnium
1351 1362 1554 1406 gloriosam.
1597 1361 1755 1396 Narniae

365 1417 492 1451 itidem
517 1416 555 1450 in
582 1416 735 1451 Umbria
762 1417 961 1451 celebratur
988 1417 1210 1452 nobilissima
1234 1422 1271 1452 et
1295 1418 1545 1462 antiquissima
1569 1417 1755 1452 Scotorum

362 1473 501 1508 familia
517 1474 687 1508 comitum
707 1473 828 1509 Sancti
845 1473 934 1514 Viti,
961 1485 1052 1520 quae
1076 1475 1226 1509 traxisse
1249 1485 1287 1509 se
1311 1475 1486 1521 originem
1509 1487 1530 1510 a
1551 1479 1657 1522 gente
1675 1475 1756 1510 Sco-

361 1532 432 1566 tica
449 1532 655 1566 immediate
671 1535 852 1567 asseverat
877 1536 913 1566 et
935 1533 1122 1578 gloriatur.
1174 1531 1282 1567 Nunc
1305 1543 1390 1568 vero
1413 1533 1567 1568 maxime
1590 1533 1682 1567 hanc
1704 1533 1757 1567 fa-

361 1590 498 1624 miliam
516 1590 674 1624 illustrat
697 1590 896 1634 splendore,
920 1593 956 1623 et
979 1595 1087 1636 auget
1112 1591 1246 1631 decore,
1273 1591 1331 1625 vir
1352 1602 1535 1636 nunquam
1554 1591 1640 1625 satis
1663 1601 1756 1625 com-

362 1647 561 1688 mendatus,
578 1646 701 1692 Eques
715 1646 845 1681 Frater
857 1646 1041 1691 Sylvester
1054 1647 1191 1688 Scotus‚
1209 1647 1283 1692 qui,
1303 1647 1426 1682 haeres
1445 1647 1623 1682 avitarum
1641 1648 1754 1682 virtu-

361 1710 451 1744 tum,
470 1705 516 1738 ad
534 1704 754 1749 amplissima
777 1704 954 1739 honorum
980 1704 1136 1739 culmina
1159 1705 1254 1749 apud
1279 1705 1562 1739 illustrissimum
1587 1716 1628 1739 ac
1655 1716 1754 1739 reve-

360 1762 615 1796 rendissimum
628 1761 843 1796 Uduardum
861 1761 966 1797 Card.
986 1761 1198 1797 Famesium
1216 1766 1269 1797 est
1287 1767 1440 1796 evectus.
1481 1761 1542 1796 Ex
1558 1763 1625 1797 hac
1642 1763 1753 1808 stirpe

361 1820 495 1864 prodiit
511 1830 665 1865 magnus
682 1819 742 1853 ille
764 1819 946 1866 quondam
969 1820 1026 1854 vir
1050 1819 1295 1854 Bernardinus
1319 1819 1457 1860 Scotus,
1481 1831 1500 1854 e
1524 1819 1651 1855 Castro
1674 1821 1753 1855 Ma-

360 1877 447 1911 liani
466 1877 634 1911 dioecesis
653 1876 869 1917 Sabinensis,
888 1878 951 1922 qui
969 1889 1013 1912 ex
1036 1878 1161 1913 clerico
1187 1877 1447 1912 Theatinorum
1473 1877 1708 1925 Regularium
1732 1890 1753 1913 a

362 1935 475 1970 Paulo
494 1934 558 1970 IV.
577 1935 734 1979 primum
752 1935 1038 1980 archiepiscopus
1057 1935 1250 1969 Tranensis
1269 1935 1395 1975 factus,
1413 1940 1536 1979 postea
1560 1936 1605 1970 ab
1630 1936 1751 1971 eodem

363 1994 458 2028 inter
475 1997 692 2037 purpuratos
710 1998 829 2037 patres
848 1993 1035 2038 ascriptus,
1053 1998 1132 2028 tum
1149 1994 1292 2027 demum
1314 1993 1359 2027 ad
1382 1993 1573 2039 regendam
1596 1995 1752 2029 decesso-

361 2052 411 2086 ris
430 2051 485 2085 sui
504 2050 671 2085 Fulconis
698 2050 898 2085 Placentiae
924 2051 1103 2085 ecclesiam
1131 2050 1201 2085 fuit
1226 2051 1381 2092 missus3
1409 2052 1510 2097 cujus
1537 2052 1688 2086 virtutes
1714 2053 1751 2087 in

362 2110 438 2143 vita
468 2113 622 2154 quantae
649 2108 794 2149 fuerint,
822 2108 949 2148 Roma,
976 2108 1169 2148 Placentia,
1196 2114 1231 2143 et
1257 2114 1354 2144 totus
1381 2109 1475 2144 orbis
1502 2115 1692 2145 veneratur
1717 2116 1751 2146 et

361 2167 597 2212 depraedicat.

855 2322 965 2349 FINIS
985 2323 1098 2348 LIBRI
1119 2324 1250 2349 SEXTI-
