2032 2912
354 326 396 356 34
731 316 961 350 HISTORIA
984 310 1354 347 ECCLESIASTICA

359 418 490 456 electio,
516 425 579 449 nec
603 414 696 448 ullus
723 411 869 446 antistes
893 420 967 443 esse
992 411 1142 453 poterat,
1169 407 1232 451 qui
1257 416 1330 440 non
1355 415 1399 439 ex
1424 414 1547 438 eorum
1578 414 1737 449 corpore,

358 478 418 508 aut
439 483 502 517 per
521 482 579 505 eos
602 471 730 503 electus
754 471 854 506 esset,
879 467 988 500 donec
1011 464 1208 499 Gulielmus
1231 462 1491 498 Lambertonus
1515 471 1537 494 a
1560 461 1737 496 canonicis

357 531 484 564 electus
509 527 545 561 S.
571 525 734 560 Andreae
759 524 999 568 episcopatum
1025 522 1151 561 tenuit,
1174 525 1217 555 ut
1239 521 1278 554 in
1303 518 1438 553 'ritulis
1468 517 1740 553 Memorialibus

357 586 416 620 lib.
444 594 514 618 vu.
540 594 614 628 cap.
643 591 703 616 111.
729 581 815 615 dixi.
867 580 936 614 Sed
965 579 1048 613 huic
1077 578 1237 613 electioni
1266 577 1504 611 reclamarunt
1534 574 1673 615 Keldei,
1704 582 1740 609 et

356 642 507 676 maxime
523 639 703 674 Auminus
720 649 842 672 eorum
858 637 1020 681 princeps
1039 636 1190 670 Romam
1207 632 1425 678 provocavit,
1443 636 1478 666 et
1495 643 1536 666 eo
1554 642 1591 666 se
1614 637 1738 666 contu-

357 700 410 740 lit,
429 698 490 732 sed
507 698 693 736 incassum,
718 706 801 730 nam
823 705 896 728 non
919 694 1024 727 modo
1046 694 1175 727 electus
1198 689 1413 735 approbatus
1437 700 1459 723 a
1481 689 1657 734 pontifice,
1679 690 1740 723 sed

357 767 457 791 omne
469 756 531 801 jus
548 755 708 798 deinceps
727 752 869 787 Keldeis
886 751 1107 797 abrogatum.
1159 746 1444 782 Scotichronicon
1469 747 1532 782 lib.
1558 755 1614 780 VI.
1667 746 1739 780 Hic

357 813 496 857 scripsit

501 868 557 902 De
573 867 597 901 J
598 878 660 902 ure
677 866 890 900 Keldeorum
1237 860 1298 894 lib.
1319 869 1345 894 1.

502 923 766 964 Querimoniam
784 922 828 956 ad
847 922 981 965 Papam
1237 918 1298 952 lib.
1320 926 1345 951 1.

500 981 790 1015 Informationem
809 978 944 1012 Causae
1235 975 1296 1009 lib.
1317 984 1343 1008 Ι.

403 1037 586 1073 Profectus
603 1037 755 1070 Romam
772 1046 865 1069 anno
884 1041 1117 1068 MCCXCVIH.
1144 1032 1233 1067 obiit
1257 1033 1295 1067 in
1318 1042 1495 1079 regressu,
1520 1036 1556 1067 et
1573 1038 1741 1078 sequente

355 1106 446 1129 anno
462 1095 619 1139 sepultus
637 1093 811 1127 Mutinae.

654 1204 919 1240 ADRIANUS
945 1205 1010 1240 IV.
1039 1204 1317 1239 PONTIFEX.
1370 1203 1429 1239 46.

357 1322 572 1356 ADRIANUS
606 1320 774 1355 Pontifex
808 1320 895 1364 Opt.
930 1319 1029 1353 Max.
1065 1318 1131 1354 IV.
1167 1318 1336 1353 Nicolaus
1373 1318 1606 1366 Hastifragus
1641 1321 1743 1365 prius

356 1380 479 1419 dictus,
509 1383 656 1423 putatur
685 1390 706 1412 a
735 1378 859 1412 multis
889 1376 1026 1417 Scotus,
1056 1377 1142 1421 quia
1170 1377 1325 1411 multum
1360 1377 1399 1411 in
1432 1377 1559 1411 insulis
1593 1376 1741 1412 Scoticis

357 1436 567 1476 allaborarit,
593 1435 856 1481 Norvegiaque,
882 1446 923 1469 ea
946 1435 1070 1480 lingua
1092 1445 1189 1474 usus,
1216 1445 1307 1479 quae
1333 1433 1488 1480 Angliae
1513 1434 1637 1480 ignota
1660 1435 1742 1470 Sco-

356 1499 471 1529 torum
489 1505 529 1527 eo
545 1504 632 1527 aevo
649 1493 804 1537 propria,
826 1496 867 1526 ut
888 1492 1022 1537 colligit
1045 1491 1226 1526 Gilbertus
1251 1491 1421 1533 Brunus3
1449 1493 1510 1526 sed
1533 1503 1598 1538 ego
1620 1493 1741 1537 potius

355 1552 500 1585 inducor
515 1555 557 1584 ut
577 1550 738 1596 Anglum
761 1550 912 1589 credam,
935 1554 1054 1583 motus
1078 1550 1290 1583 auctoritate
1312 1554 1583 1583 coaetaneorum
1607 1549 1740 1584 Guliel-

356 1609 405 1642 mi
423 1607 676 1654 Neubrigensis
694 1607 755 1641 lib.
776 1616 820 1641 11.
840 1606 936 1641 Hist.
955 1618 1031 1651 cap.
1050 1615 1104 1641 vl.
1128 1606 1278 1641 Joannis
1302 1606 1575 1642 Saresberiensis
1599 1607 1660 1642 lib.
1684 1616 1739 1641 v1.

356 1665 554 1699 Policratici
580 1676 655 1709 cap.
683 1674 808 1699 xxm.
831 1669 873 1699 ut
899 1665 1109 1699 recentiores
1136 1665 1310 1705 omittam,
1334 1664 1525 1705 Platinam‚
1551 1664 1740 1705 Uvionem,

354 1723 517 1767 aliosque.

771 1835 1003 1870 JOANNES
1028 1834 1206 1870 ALBUS.
1259 1837 1317 1873 47.

357 1951 379 1985 J
382 1958 544 1985 OANNES
561 1949 687 1990 Albus,
704 1950 813 1995 vulgo
831 1949 942 1995 Quyt,
961 1949 1068 1984 abbas
1085 1950 1291 1985 monasterii
1310 1949 1495 1984 Scotorum
1511 1950 1740 1992 Ratisbonae,

359 2007 667 2042 Benedictinorum
691 2008 782 2041 nulli
807 2018 872 2040 sua
901 2011 1016 2041 aetate
1046 2008 1232 2048 secundus,
1263 2007 1450 2054 theologus
1481 2008 1645 2048 eximius,
1675 2019 1740 2042 nec

360 2065 566 2099 secularium
597 2066 781 2099 literarum
807 2064 964 2110 ignarus,
995 2065 1186 2099 acerrimus
1212 2065 1376 2099 ecclesiae
1401 2065 1544 2107 vindex,
1571 2066 1741 2100 monasti-

359 2133 417 2156 cae
434 2122 635 2166 disciplinae
652 2126 880 2162 restaurator,
899 2132 1095 2166 pauperum
1115 2126 1227 2166 pater,
1251 2126 1286 2156 et
1309 2122 1434 2166 priscis
1452 2123 1523 2157 illis
1540 2134 1667 2157 aureae
1684 2134 1740 2157 ae-

361 2178 443 2212 tatis
460 2179 618 2222 patribus
635 2179 877 2219 conferendus,
895 2179 1036 2223 scripsit

505 2235 768 2270 Controversias
1235 2235 1295 2270 lib.
1316 2245 1341 2270 1.

409 2291 507 2326 Obiit
523 2303 614 2327 anno
632 2301 731 2328 MDc.
750 2293 788 2328 in
805 2292 1021 2328 monasterio
1038 2303 1113 2328 suo.
