2032 2912
383 314 424 343 44
757 307 985 340 HISTORIA
1009 304 1381 338 ECCLESIASTICA

870 456 979 491 ARN
980 456 1158 491 ALDUS.
1212 455 1270 493 67.

382 576 609 609 ARNALDUS
639 573 674 607 S.
701 571 866 606 Andreae
891 571 1086 615 episcopus,
1115 571 1209 605 vitae
1233 569 1476 609 sanctimonia,
1503 569 1764 614 prudentiaque

383 632 477 666 civili
494 632 618 670 clarus,
637 634 679 664 ut
696 629 803 663 verba
821 629 1001 672 scriptoris
1019 628 1121 672 probi
1138 638 1319 672 usurpem.
1371 626 1464 672 Ejus
1482 631 1536 660 est

528 687 583 721 De
601 692 695 721 recto
718 686 834 731 Regni
858 685 1056 730 Regimine‚
1080 685 1124 718 ad
1147 685 1377 718 Malcolmum
1396 682 1462 718 IV.
1489 683 1637 729 Regem,
1659 684 1719 717 lib.
1739 693 1764 717 1.

432 745 596 779 Florebat
621 755 713 777 anno
741 751 869 776 MeLx.
923 741 1057 775 Hector
1083 741 1256 775 Boethius
1281 740 1342 774 lib.
1374 748 1467 774 X111.
1500 739 1638 774 Histor.
1671 740 1764 774 Scot.

383 814 462 848 pag.
482 810 647 836 CCLXIX.
699 800 811 834 Index
829 799 1019 833 Sconanus.

869 912 1156 946 ARNALDUS.
1209 910 1267 945 68.

382 1030 611 1064 ARNALDUS
630 1029 832 1063 Mailrosiae
856 1027 974 1066 abbas,
998 1038 1063 1072 ego
1085 1027 1202 1060 nescio
1227 1037 1272 1060 an
1289 1026 1382 1059 idem
1403 1036 1484 1059 cum
1500 1024 1703 1070 Arnulpho,
1722 1026 1766 1059 de

382 1098 451 1131 quo
474 1098 591 1130 supra,
617 1090 834 1119 memoratur
858 1085 896 1117 in
922 1084 1033 1117 literis
1059 1083 1163 1117 Lucii
1190 1083 1258 1117 ΙΙΙ.
1285 1082 1474 1127 pontificis,
1500 1082 1646 1116 Velitris
1670 1083 1763 1116 datis

382 1152 465 1177 XVI.
483 1144 615 1177 calend.
634 1142 750 1187 April.
769 1141 863 1185 apud
887 1141 1069 1186 Rogerum
1093 1140 1135 1173 de
1161 1139 1335 1174 Hoveden
1360 1139 1493 1174 Annal.
1518 1151 1593 1184 par.
1614 1149 1657 1174 11.
1681 1151 1764 1186 pag.

380 1209 509 1234 CCCLI.
560 1200 698 1244 Scripta
715 1199 855 1243 penitus
875 1198 951 1231 aevi
970 1198 1104 1242 injuria
1120 1198 1313 1241 perierunt.

429 1257 568 1291 Floruit
586 1267 678 1290 anno
697 1263 970 1289 MCLXXXXIII.

856 1369 891 1403 S.
918 1368 1170 1403 ADWINUS.
1223 1368 1282 1407 69.

382 1486 416 1519 S.
436 1485 635 1519 ADWINUS
652 1490 687 1519 et
705 1485 888 1530 Turgotus
906 1484 1080 1524 monachi,
1105 1484 1155 1518 ait
1178 1484 1341 1529 Rogerus
1366 1484 1409 1518 de
1434 1484 1607 1519 Hoveden
1629 1485 1761 1520 Annal.

383 1554 457 1586 par.
478 1551 519 1575 11.
538 1554 617 1588 pag.
639 1551 808 1576 CCXLIII.
828 1543 888 1586 qui
909 1546 993 1575 tunc
1012 1541 1143 1575 Melros
1162 1552 1333 1585 pauperes
1358 1541 1462 1575 rebus
1488 1547 1523 1576 et
1547 1543 1676 1586 spiritu
1699 1554 1765 1587 pro

381 1598 524 1633 Christo
541 1599 724 1645 degebant,
743 1599 869 1632 intima
886 1604 1107 1642 peccatorum
1133 1598 1350 1632 confessione
1373 1599 1581 1644 magnisque
1599 1601 1763 1634 lamentis

381 1656 528 1689 crimina
546 1656 738 1699 expiantes.
790 1655 949 1699 Scripsit,
969 1655 1137 1689 Forduno
1154 1660 1307 1695 auctore,

530 1712 738 1756 Catalogum
765 1711 947 1745 Abbatum
975 1712 1276 1745 Mailrosiensium
1302 1712 1363 1746 lib.
1387 1722 1412 1746 1.
1464 1712 1569 1752 Quod
1596 1724 1695 1758 opus,
1722 1718 1762 1747 ut

571 1770 683 1802 multa
701 1769 779 1807 alia,
798 1768 965 1802 haeretici
983 1769 1084 1812 impii
1102 1779 1215 1813 nuper
1232 1768 1473 1804 aboleverunt.

523 1825 577 1859 De
593 1825 779 1870 Dignitate
796 1825 933 1859 Altaris
1358 1827 1418 1861 lib.
1440 1836 1464 1860 Ι.

426 1882 590 1916 Florebat
608 1894 700 1916 anno
718 1891 931 1916 Dececmv.

892 1996 1123 2032 AIULFUS.
1177 2002 1234 2037 70.

375 2112 559 2145 A1U1AEUs
584 2112 735 2146 decanus
763 2112 806 2146 de
832 2112 1025 2153 Lodoneio,
1052 2118 1115 2147 aut
1141 2113 1338 2155 Lodonero,
1365 2120 1584 2150 memoratur
1610 2117 1757 2163 epistola

376 2169 511 2202 Urbani
530 2168 598 2202 ΙΙΙ.
617 2169 793 2213 pontificis
812 2170 944 2214 scripta
960 2170 1122 2205 Veronae
1140 2172 1184 2204 ad
1208 2183 1327 2218 regem
1352 2171 1489 2206 scotiae
1512 2173 1759 2214 Wilhelmum,

375 2230 409 2259 et
426 2226 463 2258 in
480 2226 549 2259 alia
566 2226 722 2270 ejusdem
740 2227 888 2271 epistola
905 2227 950 2261 ad
972 2226 996 2260 J
998 2228 1171 2262 ocelinum
1197 2228 1447 2263 Glascuensem
1471 2230 1668 2265 antistitem
1692 2231 1759 2265 ibi-

375 2282 454 2316 dem
479 2283 617 2326 scripta,
644 2288 685 2316 ut
711 2288 863 2318 testatur
889 2284 1052 2330 Rogerus
1078 2286 1120 2319 de
1147 2285 1321 2321 Hoveden
1346 2286 1479 2321 Annal.
1503 2299 1579 2332 par.
1604 2297 1647 2322 11.
1674 2299 1755 2334 pag.

378 2347 561 2372 CCCCLXI.
612 2339 760 2384 Scripsit

521 2395 591 2430 Pro
617 2397 732 2431 Causa
756 2397 906 2433 Joannis
932 2397 1101 2443 Episcopi
1127 2398 1391 2436 Dunkeldensis
1417 2410 1540 2437 contra
1564 2400 1758 2447 Hugonem
