<?xml version="1.0" encoding="UTF-8"?>
<!DOCTYPE html PUBLIC "-//W3C//DTD XHTML 1.0 Transitional//EN"
    "http://www.w3.org/TR/xhtml1/DTD/xhtml1-transitional.dtd">
<html xmlns="http://www.w3.org/1999/xhtml" xml:lang="en" lang="en">
 <head>
  <title>
</title>
<meta http-equiv="Content-Type" content="text/html;charset=utf-8" />
  <meta name='ocr-system' content='tesseract 3.04.00' />
  <meta name='ocr-capabilities' content='ocr_page ocr_carea ocr_par ocr_line ocrx_word'/>
</head>
<body>
  <div class='ocr_page' id='page_1' title='image "./thomaedempste2101dempuoft_0037.png"; bbox 0 0 2044 2992; ppageno 0'>
   <div class='ocr_carea' id='block_1_1' title="bbox 1003 337 1075 376">
    <p class='ocr_par' dir='ltr' id='par_1_1' title="bbox 1003 337 1075 376">
     <span class='ocr_line' id='line_1_1' title="bbox 1003 337 1075 376; baseline 0 0"><span class='ocrx_word' id='word_1_1' title='bbox 1003 337 1075 376; x_wconf 86' lang='lat' dir='ltr'>xix</span> 
     </span>
    </p>
   </div>
   <div class='ocr_carea' id='block_1_2' title="bbox 338 437 1724 2199">
    <p class='ocr_par' dir='ltr' id='par_1_2' title="bbox 341 437 1724 1322">
     <span class='ocr_line' id='line_1_2' title="bbox 349 437 1724 499; baseline -0.006 -14"><span class='ocrx_word' id='word_1_2' title='bbox 349 445 543 499; x_wconf 82' lang='lat' dir='ltr'>anonymi</span> <span class='ocrx_word' id='word_1_3' title='bbox 564 449 637 492; x_wconf 87' lang='lat' dir='ltr'>est,</span> <span class='ocrx_word' id='word_1_4' title='bbox 657 448 699 483; x_wconf 91' lang='lat' dir='ltr'>et</span> <span class='ocrx_word' id='word_1_5' title='bbox 718 441 860 482; x_wconf 88' lang='lat' dir='ltr'>docuit</span> <span class='ocrx_word' id='word_1_6' title='bbox 878 440 1093 494; x_wconf 88' lang='lat' dir='ltr'>Andegavi</span> <span class='ocrx_word' id='word_1_7' title='bbox 1109 442 1179 494; x_wconf 89' lang='lat' dir='ltr'>jus</span> <span class='ocrx_word' id='word_1_8' title='bbox 1199 439 1329 480; x_wconf 87' lang='lat' dir='ltr'>civile.</span> <span class='ocrx_word' id='word_1_9' title='bbox 1387 438 1556 493; x_wconf 85' lang='lat' dir='ltr'>Scripsit</span> <span class='ocrx_word' id='word_1_10' title='bbox 1576 438 1628 478; x_wconf 87' lang='lat' dir='ltr'>de</span> <span class='ocrx_word' id='word_1_11' title='bbox 1648 437 1674 476; x_wconf 90' lang='lat' dir='ltr'><strong>J</strong></span> <span class='ocrx_word' id='word_1_12' title='bbox 1677 450 1724 476; x_wconf 94' lang='lat' dir='ltr'>u-</span> 
     </span>
     <span class='ocr_line' id='line_1_3' title="bbox 348 503 1721 550; baseline -0.005 -2"><span class='ocrx_word' id='word_1_13' title='bbox 348 508 689 550; x_wconf 91' lang='lat' dir='ltr'>risconsultorum</span> <span class='ocrx_word' id='word_1_14' title='bbox 727 504 989 546; x_wconf 89' lang='lat' dir='ltr'>Successione</span> <span class='ocrx_word' id='word_1_15' title='bbox 1027 503 1095 543; x_wconf 92' lang='lat' dir='ltr'>lib.</span> <span class='ocrx_word' id='word_1_16' title='bbox 1116 504 1141 543; x_wconf 93' lang='lat' dir='ltr'>i.</span> <span class='ocrx_word' id='word_1_17' title='bbox 1218 503 1397 544; x_wconf 82' lang='lat' dir='ltr'>Vivebat</span> <span class='ocrx_word' id='word_1_18' title='bbox 1440 517 1550 543; x_wconf 89' lang='lat' dir='ltr'>anno</span> <span class='ocrx_word' id='word_1_19' title='bbox 1596 515 1721 541; x_wconf 83' lang='lat' dir='ltr'>va.</span> 
     </span>
     <span class='ocr_line' id='line_1_4' title="bbox 346 565 1723 622; baseline -0.007 -9"><span class='ocrx_word' id='word_1_20' title='bbox 346 572 466 612; x_wconf 87' lang='lat' dir='ltr'>Alius</span> <span class='ocrx_word' id='word_1_21' title='bbox 486 577 548 612; x_wconf 91' lang='lat' dir='ltr'>est</span> <span class='ocrx_word' id='word_1_22' title='bbox 568 571 716 611; x_wconf 90' lang='lat' dir='ltr'>Petrus</span> <span class='ocrx_word' id='word_1_23' title='bbox 736 567 972 622; x_wconf 91' lang='lat' dir='ltr'>Aquilanus</span> <span class='ocrx_word' id='word_1_24' title='bbox 992 566 1245 619; x_wconf 87' lang='lat' dir='ltr'>theologus.’&#39;</span> <span class='ocrx_word' id='word_1_25' title='bbox 1299 567 1458 621; x_wconf 89' lang='lat' dir='ltr'>Lepida</span> <span class='ocrx_word' id='word_1_26' title='bbox 1477 581 1574 607; x_wconf 89' lang='lat' dir='ltr'>sane</span> <span class='ocrx_word' id='word_1_27' title='bbox 1594 565 1723 605; x_wconf 89' lang='lat' dir='ltr'>histo-</span> 
     </span>
     <span class='ocr_line' id='line_1_5' title="bbox 347 628 1722 685; baseline -0.007 -9"><span class='ocrx_word' id='word_1_28' title='bbox 347 636 429 676; x_wconf 82' lang='lat' dir='ltr'>ria!</span> <span class='ocrx_word' id='word_1_29' title='bbox 490 635 535 674; x_wconf 92' lang='lat' dir='ltr'>P.</span> <span class='ocrx_word' id='word_1_30' title='bbox 564 635 655 674; x_wconf 86' lang='lat'>648.</span> <span class='ocrx_word' id='word_1_31' title='bbox 689 639 710 657; x_wconf 88' lang='lat'>“</span> <span class='ocrx_word' id='word_1_32' title='bbox 736 633 773 673; x_wconf 91' lang='lat' dir='ltr'>S.</span> <span class='ocrx_word' id='word_1_33' title='bbox 810 631 1011 685; x_wconf 90' lang='lat' dir='ltr'>Vigianus</span> <span class='ocrx_word' id='word_1_34' title='bbox 1042 629 1276 669; x_wconf 85' lang='lat' dir='ltr'>Monachus</span> <span class='ocrx_word' id='word_1_35' title='bbox 1310 628 1467 670; x_wconf 72' lang='lat' dir='ltr'>Christi</span> <span class='ocrx_word' id='word_1_36' title='bbox 1503 628 1722 682; x_wconf 87' lang='lat' dir='ltr'>Dogmatis</span> 
     </span>
     <span class='ocr_line' id='line_1_6' title="bbox 346 692 1719 752; baseline -0.005 -14"><span class='ocrx_word' id='word_1_37' title='bbox 346 698 532 752; x_wconf 88' lang='lat' dir='ltr'>egregius</span> <span class='ocrx_word' id='word_1_38' title='bbox 561 696 836 743; x_wconf 85' lang='lat' dir='ltr'>concionator,</span> <span class='ocrx_word' id='word_1_39' title='bbox 865 695 923 734; x_wconf 90' lang='lat' dir='ltr'>ait</span> <span class='ocrx_word' id='word_1_40' title='bbox 954 694 1075 733; x_wconf 87' lang='lat' dir='ltr'>Hect.</span> <span class='ocrx_word' id='word_1_41' title='bbox 1104 692 1251 733; x_wconf 89' lang='lat' dir='ltr'>Boeth.</span> <span class='ocrx_word' id='word_1_42' title='bbox 1278 692 1347 733; x_wconf 92' lang='lat' dir='ltr'>lib.</span> <span class='ocrx_word' id='word_1_43' title='bbox 1368 693 1422 733; x_wconf 85' lang='lat' dir='ltr'>xi.</span> <span class='ocrx_word' id='word_1_44' title='bbox 1450 693 1592 733; x_wconf 82' lang='lat' dir='ltr'>histor.</span> <span class='ocrx_word' id='word_1_45' title='bbox 1614 693 1719 732; x_wconf 86' lang='lat' dir='ltr'>Scot.</span> 
     </span>
     <span class='ocr_line' id='line_1_7' title="bbox 342 757 1720 815; baseline -0.004 -13"><span class='ocrx_word' id='word_1_46' title='bbox 342 776 381 815; x_wconf 93' lang='lat' dir='ltr'>p.</span> <span class='ocrx_word' id='word_1_47' title='bbox 402 776 604 801; x_wconf 80' lang='lat' dir='ltr'>ccxxxw.</span> <span class='ocrx_word' id='word_1_48' title='bbox 652 760 906 813; x_wconf 87' lang='lat' dir='ltr'>Episcopum</span> <span class='ocrx_word' id='word_1_49' title='bbox 922 757 1245 798; x_wconf 88' lang='lat' dir='ltr'>Brechinensem</span> <span class='ocrx_word' id='word_1_50' title='bbox 1261 757 1360 796; x_wconf 89' lang='lat' dir='ltr'>facit</span> <span class='ocrx_word' id='word_1_51' title='bbox 1374 757 1720 797; x_wconf 90' lang='lat' dir='ltr'>Scotichronicon.</span> 
     </span>
     <span class='ocr_line' id='line_1_8' title="bbox 342 820 1722 870; baseline -0.004 -5"><span class='ocrx_word' id='word_1_52' title='bbox 342 824 504 865; x_wconf 89' lang='lat' dir='ltr'>Claruit</span> <span class='ocrx_word' id='word_1_53' title='bbox 523 838 618 865; x_wconf 89' lang='lat' dir='ltr'>cum</span> <span class='ocrx_word' id='word_1_54' title='bbox 639 823 855 870; x_wconf 90' lang='lat' dir='ltr'>Moveano,</span> <span class='ocrx_word' id='word_1_55' title='bbox 876 822 1069 869; x_wconf 89' lang='lat' dir='ltr'>Medano,</span> <span class='ocrx_word' id='word_1_56' title='bbox 1090 820 1235 869; x_wconf 91' lang='lat' dir='ltr'>Blano,</span> <span class='ocrx_word' id='word_1_57' title='bbox 1256 822 1326 861; x_wconf 85' lang='lat' dir='ltr'>&amp;c.</span> <span class='ocrx_word' id='word_1_58' title='bbox 1347 822 1549 869; x_wconf 85' lang='lat' dir='ltr'>meminit,</span> <span class='ocrx_word' id='word_1_59' title='bbox 1565 827 1608 861; x_wconf 91' lang='lat' dir='ltr'>et</span> <span class='ocrx_word' id='word_1_60' title='bbox 1623 820 1722 859; x_wconf 88' lang='lat' dir='ltr'>For-</span> 
     </span>
     <span class='ocr_line' id='line_1_9' title="bbox 343 885 1718 936; baseline -0.004 -8"><span class='ocrx_word' id='word_1_61' title='bbox 343 889 485 936; x_wconf 86' lang='lat' dir='ltr'>danus,</span> <span class='ocrx_word' id='word_1_62' title='bbox 506 893 549 928; x_wconf 87' lang='lat' dir='ltr'>et</span> <span class='ocrx_word' id='word_1_63' title='bbox 568 886 740 928; x_wconf 91' lang='lat' dir='ltr'>Arnold.</span> <span class='ocrx_word' id='word_1_64' title='bbox 761 886 935 926; x_wconf 91' lang='lat' dir='ltr'>Uvion.&#39;&#39;</span> <span class='ocrx_word' id='word_1_65' title='bbox 985 885 1166 925; x_wconf 87' lang='lat' dir='ltr'>Pessime</span> <span class='ocrx_word' id='word_1_66' title='bbox 1181 885 1323 925; x_wconf 88' lang='lat' dir='ltr'>habita</span> <span class='ocrx_word' id='word_1_67' title='bbox 1342 891 1442 926; x_wconf 87' lang='lat' dir='ltr'>sunt</span> <span class='ocrx_word' id='word_1_68' title='bbox 1460 885 1562 925; x_wconf 85' lang='lat' dir='ltr'>haec</span> <span class='ocrx_word' id='word_1_69' title='bbox 1582 885 1718 931; x_wconf 89' lang='lat' dir='ltr'>verba,</span> 
     </span>
     <span class='ocr_line' id='line_1_10' title="bbox 343 948 1717 1005; baseline -0.003 -13"><span class='ocrx_word' id='word_1_70' title='bbox 343 966 449 1005; x_wconf 85' lang='lat' dir='ltr'>quae</span> <span class='ocrx_word' id='word_1_71' title='bbox 491 952 631 991; x_wconf 90' lang='lat' dir='ltr'>omnia</span> <span class='ocrx_word' id='word_1_72' title='bbox 680 950 738 990; x_wconf 91' lang='lat' dir='ltr'>sic</span> <span class='ocrx_word' id='word_1_73' title='bbox 782 949 1036 989; x_wconf 85' lang='lat' dir='ltr'>ordinanda:</span> <span class='ocrx_word' id='word_1_74' title='bbox 1093 954 1114 972; x_wconf 91' lang='lat'><strong>“</strong></span> <span class='ocrx_word' id='word_1_75' title='bbox 1148 949 1184 989; x_wconf 90' lang='lat' dir='ltr'>S.</span> <span class='ocrx_word' id='word_1_76' title='bbox 1228 948 1430 1002; x_wconf 89' lang='lat' dir='ltr'>Vigianus</span> <span class='ocrx_word' id='word_1_77' title='bbox 1479 949 1717 996; x_wconf 86' lang='lat' dir='ltr'>monachus,</span> 
     </span>
     <span class='ocr_line' id='line_1_11' title="bbox 343 1011 1713 1068; baseline -0.004 -12"><span class='ocrx_word' id='word_1_78' title='bbox 343 1015 498 1056; x_wconf 86' lang='lat' dir='ltr'>Christi</span> <span class='ocrx_word' id='word_1_79' title='bbox 519 1014 722 1068; x_wconf 84' lang='lat' dir='ltr'>dogmatis</span> <span class='ocrx_word' id='word_1_80' title='bbox 743 1013 930 1067; x_wconf 88' lang='lat' dir='ltr'>egregius</span> <span class='ocrx_word' id='word_1_81' title='bbox 950 1012 1225 1060; x_wconf 84' lang='lat' dir='ltr'>concionator,</span> <span class='ocrx_word' id='word_1_82' title='bbox 1245 1012 1305 1052; x_wconf 84' lang='lat' dir='ltr'>ait</span> <span class='ocrx_word' id='word_1_83' title='bbox 1325 1012 1446 1053; x_wconf 94' lang='lat' dir='ltr'>Hect.</span> <span class='ocrx_word' id='word_1_84' title='bbox 1467 1012 1615 1052; x_wconf 89' lang='lat' dir='ltr'>Boeth.</span> <span class='ocrx_word' id='word_1_85' title='bbox 1642 1011 1713 1051; x_wconf 86' lang='lat' dir='ltr'>lib.</span> 
     </span>
     <span class='ocr_line' id='line_1_12' title="bbox 342 1075 1716 1130; baseline -0.002 -11"><span class='ocrx_word' id='word_1_86' title='bbox 342 1080 394 1119; x_wconf 81' lang='lat' dir='ltr'>xi.</span> <span class='ocrx_word' id='word_1_87' title='bbox 434 1079 590 1119; x_wconf 91' lang='lat' dir='ltr'>Histor.</span> <span class='ocrx_word' id='word_1_88' title='bbox 629 1078 735 1118; x_wconf 88' lang='lat' dir='ltr'>Scot.</span> <span class='ocrx_word' id='word_1_89' title='bbox 773 1091 811 1130; x_wconf 92' lang='lat' dir='ltr'>p.</span> <span class='ocrx_word' id='word_1_90' title='bbox 847 1091 1048 1116; x_wconf 80' lang='lat' dir='ltr'>ccxxxw.</span> <span class='ocrx_word' id='word_1_91' title='bbox 1083 1075 1231 1115; x_wconf 90' lang='lat' dir='ltr'>claruit</span> <span class='ocrx_word' id='word_1_92' title='bbox 1265 1090 1360 1116; x_wconf 90' lang='lat' dir='ltr'>cum</span> <span class='ocrx_word' id='word_1_93' title='bbox 1396 1076 1612 1124; x_wconf 88' lang='lat' dir='ltr'>Moveano,</span> <span class='ocrx_word' id='word_1_94' title='bbox 1646 1077 1716 1116; x_wconf 74' lang='grc' dir='ltr'>διο.</span> 
     </span>
     <span class='ocr_line' id='line_1_13' title="bbox 343 1138 1715 1196; baseline -0.001 -14"><span class='ocrx_word' id='word_1_95' title='bbox 343 1143 596 1196; x_wconf 90' lang='lat' dir='ltr'>Episcopum</span> <span class='ocrx_word' id='word_1_96' title='bbox 635 1141 958 1181; x_wconf 86' lang='lat' dir='ltr'>Brechinensem</span> <span class='ocrx_word' id='word_1_97' title='bbox 996 1139 1096 1180; x_wconf 89' lang='lat' dir='ltr'>facit</span> <span class='ocrx_word' id='word_1_98' title='bbox 1133 1138 1440 1180; x_wconf 89' lang='lat' dir='ltr'>Scotichronico</span> <span class='ocrx_word' id='word_1_99' title='bbox 1483 1141 1715 1180; x_wconf 85' lang='lat' dir='ltr'>Fordunus.</span> 
     </span>
     <span class='ocr_line' id='line_1_14' title="bbox 342 1202 1717 1257; baseline -0.002 -11"><span class='ocrx_word' id='word_1_100' title='bbox 342 1206 539 1246; x_wconf 86' lang='lat' dir='ltr'>Meminit</span> <span class='ocrx_word' id='word_1_101' title='bbox 558 1211 601 1245; x_wconf 91' lang='lat' dir='ltr'>et</span> <span class='ocrx_word' id='word_1_102' title='bbox 620 1204 830 1244; x_wconf 88' lang='lat' dir='ltr'>Arnoldus</span> <span class='ocrx_word' id='word_1_103' title='bbox 850 1203 1023 1243; x_wconf 90' lang='lat' dir='ltr'>Uvion.”</span> <span class='ocrx_word' id='word_1_104' title='bbox 1083 1202 1295 1243; x_wconf 89' lang='lat' dir='ltr'>Vocabula</span> <span class='ocrx_word' id='word_1_105' title='bbox 1314 1204 1530 1257; x_wconf 86' lang='lat' dir='ltr'>quaedam,</span> <span class='ocrx_word' id='word_1_106' title='bbox 1552 1204 1596 1244; x_wconf 88' lang='lat' dir='ltr'>in</span> <span class='ocrx_word' id='word_1_107' title='bbox 1611 1217 1717 1243; x_wconf 88' lang='lat' dir='ltr'>mar-</span> 
     </span>
     <span class='ocr_line' id='line_1_15' title="bbox 341 1264 1659 1322; baseline -0.002 -13"><span class='ocrx_word' id='word_1_108' title='bbox 341 1270 436 1322; x_wconf 85' lang='lat' dir='ltr'>gine</span> <span class='ocrx_word' id='word_1_109' title='bbox 457 1269 607 1309; x_wconf 91' lang='lat' dir='ltr'>codicis</span> <span class='ocrx_word' id='word_1_110' title='bbox 627 1267 789 1321; x_wconf 88' lang='lat' dir='ltr'>scripta,</span> <span class='ocrx_word' id='word_1_111' title='bbox 810 1267 853 1306; x_wconf 93' lang='lat' dir='ltr'>in</span> <span class='ocrx_word' id='word_1_112' title='bbox 874 1266 1057 1306; x_wconf 89' lang='lat' dir='ltr'>alienum</span> <span class='ocrx_word' id='word_1_113' title='bbox 1077 1264 1215 1305; x_wconf 91' lang='lat' dir='ltr'>locum</span> <span class='ocrx_word' id='word_1_114' title='bbox 1236 1267 1431 1319; x_wconf 89' lang='lat' dir='ltr'>migrasse</span> <span class='ocrx_word' id='word_1_115' title='bbox 1451 1268 1659 1307; x_wconf 86' lang='lat' dir='ltr'>videntur.</span> 
     </span>
    </p>

    <p class='ocr_par' dir='ltr' id='par_1_3' title="bbox 338 1329 1717 2199">
     <span class='ocr_line' id='line_1_16' title="bbox 396 1329 1715 1385; baseline -0.002 -13"><span class='ocrx_word' id='word_1_116' title='bbox 396 1333 512 1372; x_wconf 90' lang='lat' dir='ltr'>Haec</span> <span class='ocrx_word' id='word_1_117' title='bbox 543 1338 586 1372; x_wconf 89' lang='lat' dir='ltr'>et</span> <span class='ocrx_word' id='word_1_118' title='bbox 619 1345 703 1371; x_wconf 92' lang='lat' dir='ltr'>non</span> <span class='ocrx_word' id='word_1_119' title='bbox 739 1329 941 1370; x_wconf 86' lang='lat' dir='ltr'>absimilia</span> <span class='ocrx_word' id='word_1_120' title='bbox 971 1329 1210 1382; x_wconf 83' lang='lat' dir='ltr'>Dempsteri</span> <span class='ocrx_word' id='word_1_121' title='bbox 1243 1329 1342 1378; x_wconf 88' lang='lat' dir='ltr'>loca,</span> <span class='ocrx_word' id='word_1_122' title='bbox 1376 1331 1440 1370; x_wconf 92' lang='lat' dir='ltr'>usi</span> <span class='ocrx_word' id='word_1_123' title='bbox 1474 1331 1715 1385; x_wconf 86' lang='lat' dir='ltr'>praesertim</span> 
     </span>
     <span class='ocr_line' id='line_1_17' title="bbox 340 1392 1717 1450; baseline -0.002 -13"><span class='ocrx_word' id='word_1_124' title='bbox 340 1398 587 1450; x_wconf 85' lang='lat' dir='ltr'>conjectura,</span> <span class='ocrx_word' id='word_1_125' title='bbox 617 1394 938 1442; x_wconf 88' lang='lat' dir='ltr'>emendavimus,</span> <span class='ocrx_word' id='word_1_126' title='bbox 968 1392 1034 1432; x_wconf 87' lang='lat' dir='ltr'>vel</span> <span class='ocrx_word' id='word_1_127' title='bbox 1063 1392 1210 1432; x_wconf 87' lang='lat' dir='ltr'>saltem</span> <span class='ocrx_word' id='word_1_128' title='bbox 1238 1394 1458 1434; x_wconf 89' lang='lat' dir='ltr'>emendare</span> <span class='ocrx_word' id='word_1_129' title='bbox 1487 1395 1623 1434; x_wconf 90' lang='lat' dir='ltr'>conati</span> <span class='ocrx_word' id='word_1_130' title='bbox 1651 1409 1717 1434; x_wconf 89' lang='lat' dir='ltr'>su-</span> 
     </span>
     <span class='ocr_line' id='line_1_18' title="bbox 338 1457 1717 1513; baseline -0.001 -14"><span class='ocrx_word' id='word_1_131' title='bbox 338 1474 455 1506; x_wconf 87' lang='lat' dir='ltr'>mus;</span> <span class='ocrx_word' id='word_1_132' title='bbox 486 1459 668 1513; x_wconf 87' lang='lat' dir='ltr'>plurima</span> <span class='ocrx_word' id='word_1_133' title='bbox 687 1463 828 1498; x_wconf 89' lang='lat' dir='ltr'>autem</span> <span class='ocrx_word' id='word_1_134' title='bbox 849 1457 1108 1511; x_wconf 88' lang='lat' dir='ltr'>scriptorum,</span> <span class='ocrx_word' id='word_1_135' title='bbox 1128 1471 1232 1510; x_wconf 92' lang='lat' dir='ltr'>quos</span> <span class='ocrx_word' id='word_1_136' title='bbox 1251 1457 1339 1512; x_wconf 90' lang='lat' dir='ltr'>ipse</span> <span class='ocrx_word' id='word_1_137' title='bbox 1358 1457 1609 1507; x_wconf 83' lang='lat' dir='ltr'>laudaverat,</span> <span class='ocrx_word' id='word_1_138' title='bbox 1628 1458 1717 1498; x_wconf 84' lang='lat' dir='ltr'>loca</span> 
     </span>
     <span class='ocr_line' id='line_1_19' title="bbox 340 1520 1717 1571; baseline -0.001 -7"><span class='ocrx_word' id='word_1_139' title='bbox 340 1523 603 1571; x_wconf 86' lang='lat' dir='ltr'>contulimus,</span> <span class='ocrx_word' id='word_1_140' title='bbox 624 1528 666 1563; x_wconf 86' lang='lat' dir='ltr'>et</span> <span class='ocrx_word' id='word_1_141' title='bbox 685 1521 784 1562; x_wconf 90' lang='lat' dir='ltr'>hinc</span> <span class='ocrx_word' id='word_1_142' title='bbox 803 1520 947 1570; x_wconf 89' lang='lat' dir='ltr'>multa,</span> <span class='ocrx_word' id='word_1_143' title='bbox 968 1521 1001 1560; x_wconf 88' lang='lat' dir='ltr'>si</span> <span class='ocrx_word' id='word_1_144' title='bbox 1018 1535 1102 1561; x_wconf 92' lang='lat' dir='ltr'>non</span> <span class='ocrx_word' id='word_1_145' title='bbox 1119 1521 1268 1570; x_wconf 90' lang='lat' dir='ltr'>omnia,</span> <span class='ocrx_word' id='word_1_146' title='bbox 1283 1521 1551 1563; x_wconf 88' lang='lat' dir='ltr'>restituimus.</span> <span class='ocrx_word' id='word_1_147' title='bbox 1594 1521 1717 1562; x_wconf 85' lang='lat' dir='ltr'>Varia</span> 
     </span>
     <span class='ocr_line' id='line_1_20' title="bbox 338 1584 1717 1640; baseline -0.001 -13"><span class='ocrx_word' id='word_1_148' title='bbox 338 1587 519 1627; x_wconf 84' lang='lat' dir='ltr'>fortassis</span> <span class='ocrx_word' id='word_1_149' title='bbox 540 1586 722 1626; x_wconf 87' lang='lat' dir='ltr'>incuriae</span> <span class='ocrx_word' id='word_1_150' title='bbox 743 1585 943 1639; x_wconf 88' lang='lat' dir='ltr'>pristinae</span> <span class='ocrx_word' id='word_1_151' title='bbox 973 1584 1110 1624; x_wconf 89' lang='lat' dir='ltr'>adhuc</span> <span class='ocrx_word' id='word_1_152' title='bbox 1130 1591 1302 1625; x_wconf 88' lang='lat' dir='ltr'>manent</span> <span class='ocrx_word' id='word_1_153' title='bbox 1322 1586 1515 1640; x_wconf 89' lang='lat' dir='ltr'>vestigia;</span> <span class='ocrx_word' id='word_1_154' title='bbox 1548 1593 1590 1626; x_wconf 90' lang='lat' dir='ltr'>et</span> <span class='ocrx_word' id='word_1_155' title='bbox 1616 1586 1717 1626; x_wconf 92' lang='lat' dir='ltr'>haec</span> 
     </span>
     <span class='ocr_line' id='line_1_21' title="bbox 338 1648 1713 1704; baseline -0.001 -13"><span class='ocrx_word' id='word_1_156' title='bbox 338 1652 499 1700; x_wconf 87' lang='lat' dir='ltr'>menda,</span> <span class='ocrx_word' id='word_1_157' title='bbox 534 1650 649 1690; x_wconf 90' lang='lat' dir='ltr'>aliud</span> <span class='ocrx_word' id='word_1_158' title='bbox 683 1655 862 1703; x_wconf 86' lang='lat' dir='ltr'>agentes,</span> <span class='ocrx_word' id='word_1_159' title='bbox 892 1651 980 1703; x_wconf 88' lang='lat' dir='ltr'>jam</span> <span class='ocrx_word' id='word_1_160' title='bbox 1012 1662 1087 1688; x_wconf 87' lang='lat' dir='ltr'>nos</span> <span class='ocrx_word' id='word_1_161' title='bbox 1120 1648 1311 1689; x_wconf 86' lang='lat' dir='ltr'>vidimus.</span> <span class='ocrx_word' id='word_1_162' title='bbox 1373 1650 1491 1690; x_wconf 91' lang='lat' dir='ltr'>Tom.</span> <span class='ocrx_word' id='word_1_163' title='bbox 1523 1650 1547 1690; x_wconf 90' lang='lat' dir='ltr'>i.</span> <span class='ocrx_word' id='word_1_164' title='bbox 1580 1665 1618 1704; x_wconf 91' lang='lat' dir='ltr'>p.</span> <span class='ocrx_word' id='word_1_165' title='bbox 1650 1654 1713 1694; x_wconf 87' lang='lat'>89.</span> 
     </span>
     <span class='ocr_line' id='line_1_22' title="bbox 339 1712 1716 1768; baseline 0 -14"><span class='ocrx_word' id='word_1_166' title='bbox 339 1721 359 1738; x_wconf 85' lang='lat'><strong>“</strong></span> <span class='ocrx_word' id='word_1_167' title='bbox 379 1715 558 1768; x_wconf 86' lang='lat' dir='ltr'>Scripsit,</span> <span class='ocrx_word' id='word_1_168' title='bbox 589 1714 785 1767; x_wconf 88' lang='lat' dir='ltr'>magistro</span> <span class='ocrx_word' id='word_1_169' title='bbox 816 1713 1038 1767; x_wconf 76' lang='lat' dir='ltr'>superstite,</span> <span class='ocrx_word' id='word_1_170' title='bbox 1073 1712 1125 1752; x_wconf 86' lang='lat' dir='ltr'>de</span> <span class='ocrx_word' id='word_1_171' title='bbox 1156 1712 1368 1753; x_wconf 88' lang='lat' dir='ltr'>Brandani</span> <span class='ocrx_word' id='word_1_172' title='bbox 1400 1714 1578 1754; x_wconf 86' lang='lat' dir='ltr'>Rebus.”</span> <span class='ocrx_word' id='word_1_173' title='bbox 1637 1713 1716 1754; x_wconf 86' lang='lat' dir='ltr'>Le-</span> 
     </span>
     <span class='ocr_line' id='line_1_23' title="bbox 339 1775 1716 1832; baseline 0 -14"><span class='ocrx_word' id='word_1_174' title='bbox 339 1779 531 1832; x_wconf 88' lang='lat' dir='ltr'>gendum,</span> <span class='ocrx_word' id='word_1_175' title='bbox 571 1784 620 1817; x_wconf 94' lang='lat' dir='ltr'>ut</span> <span class='ocrx_word' id='word_1_176' title='bbox 653 1778 698 1816; x_wconf 89' lang='lat' dir='ltr'>in</span> <span class='ocrx_word' id='word_1_177' title='bbox 732 1777 914 1816; x_wconf 85' lang='lat' dir='ltr'>editione</span> <span class='ocrx_word' id='word_1_178' title='bbox 947 1775 1144 1829; x_wconf 87' lang='lat' dir='ltr'>principe,</span> <span class='ocrx_word' id='word_1_179' title='bbox 1178 1784 1389 1831; x_wconf 73' lang='lat' dir='ltr'>superstes.</span> <span class='ocrx_word' id='word_1_180' title='bbox 1453 1777 1617 1818; x_wconf 88' lang='lat' dir='ltr'>Scilicet</span> <span class='ocrx_word' id='word_1_181' title='bbox 1648 1791 1716 1818; x_wconf 85' lang='lat' dir='ltr'>ex-</span> 
     </span>
     <span class='ocr_line' id='line_1_24' title="bbox 340 1839 1715 1894; baseline 0 -13"><span class='ocrx_word' id='word_1_182' title='bbox 340 1842 490 1881; x_wconf 83' lang='lat' dir='ltr'>stincto</span> <span class='ocrx_word' id='word_1_183' title='bbox 511 1841 743 1888; x_wconf 87' lang='lat' dir='ltr'>Brandano,</span> <span class='ocrx_word' id='word_1_184' title='bbox 764 1839 925 1893; x_wconf 89' lang='lat' dir='ltr'>scripsit</span> <span class='ocrx_word' id='word_1_185' title='bbox 945 1839 1149 1878; x_wconf 88' lang='lat' dir='ltr'>Barvitus.</span> <span class='ocrx_word' id='word_1_186' title='bbox 1209 1840 1326 1879; x_wconf 89' lang='lat' dir='ltr'>Tom.</span> <span class='ocrx_word' id='word_1_187' title='bbox 1341 1840 1381 1880; x_wconf 91' lang='lat' dir='ltr'>ii.</span> <span class='ocrx_word' id='word_1_188' title='bbox 1402 1855 1440 1894; x_wconf 91' lang='lat' dir='ltr'>p.</span> <span class='ocrx_word' id='word_1_189' title='bbox 1461 1845 1554 1881; x_wconf 82' lang='lat'>448.</span> <span class='ocrx_word' id='word_1_190' title='bbox 1575 1847 1595 1864; x_wconf 76' lang='lat'>‘⁶</span> <span class='ocrx_word' id='word_1_191' title='bbox 1611 1841 1715 1882; x_wconf 91' lang='lat' dir='ltr'>Rec-</span> 
     </span>
     <span class='ocr_line' id='line_1_25' title="bbox 341 1902 1714 1957; baseline 0.001 -13"><span class='ocrx_word' id='word_1_192' title='bbox 341 1912 382 1945; x_wconf 94' lang='lat' dir='ltr'>te</span> <span class='ocrx_word' id='word_1_193' title='bbox 402 1905 516 1944; x_wconf 89' lang='lat' dir='ltr'>haud</span> <span class='ocrx_word' id='word_1_194' title='bbox 536 1905 651 1944; x_wconf 82' lang='lat' dir='ltr'>dubio</span> <span class='ocrx_word' id='word_1_195' title='bbox 664 1906 703 1949; x_wconf 89' lang='lat'>;&#39;&#39;</span> <span class='ocrx_word' id='word_1_196' title='bbox 733 1917 808 1957; x_wconf 82' lang='lat' dir='ltr'>pro</span> <span class='ocrx_word' id='word_1_197' title='bbox 829 1917 923 1956; x_wconf 94' lang='lat' dir='ltr'>quo,</span> <span class='ocrx_word' id='word_1_198' title='bbox 939 1902 1087 1955; x_wconf 85' lang='lat' dir='ltr'>utique</span> <span class='ocrx_word' id='word_1_199' title='bbox 1102 1902 1326 1956; x_wconf 91' lang='lat' dir='ltr'>legendum</span> <span class='ocrx_word' id='word_1_200' title='bbox 1342 1904 1464 1944; x_wconf 79' lang='lat' dir='ltr'>dubie.</span> <span class='ocrx_word' id='word_1_201' title='bbox 1504 1904 1714 1945; x_wconf 86' lang='lat' dir='ltr'>Laborant</span> 
     </span>
     <span class='ocr_line' id='line_1_26' title="bbox 340 1966 1712 2022; baseline 0.001 -14"><span class='ocrx_word' id='word_1_202' title='bbox 340 1983 458 2022; x_wconf 82' lang='lat' dir='ltr'>saepe</span> <span class='ocrx_word' id='word_1_203' title='bbox 477 1982 618 2008; x_wconf 89' lang='lat' dir='ltr'>versus</span> <span class='ocrx_word' id='word_1_204' title='bbox 639 1980 742 2021; x_wconf 92' lang='lat' dir='ltr'>quos</span> <span class='ocrx_word' id='word_1_205' title='bbox 763 1967 960 2006; x_wconf 89' lang='lat' dir='ltr'>citaverat</span> <span class='ocrx_word' id='word_1_206' title='bbox 979 1971 1144 2013; x_wconf 83' lang='lat' dir='ltr'>noster3</span> <span class='ocrx_word' id='word_1_207' title='bbox 1173 1966 1386 2007; x_wconf 89' lang='lat' dir='ltr'>interdum</span> <span class='ocrx_word' id='word_1_208' title='bbox 1407 1969 1589 2008; x_wconf 89' lang='lat' dir='ltr'>numeris</span> <span class='ocrx_word' id='word_1_209' title='bbox 1619 1970 1712 2017; x_wconf 89' lang='lat' dir='ltr'>suis,</span> 
     </span>
     <span class='ocr_line' id='line_1_27' title="bbox 339 2029 1712 2086; baseline 0.001 -15"><span class='ocrx_word' id='word_1_210' title='bbox 339 2033 426 2072; x_wconf 78' lang='lat' dir='ltr'>sine</span> <span class='ocrx_word' id='word_1_211' title='bbox 451 2032 639 2072; x_wconf 88' lang='lat' dir='ltr'>codicum</span> <span class='ocrx_word' id='word_1_212' title='bbox 664 2045 752 2084; x_wconf 90' lang='lat' dir='ltr'>ope,</span> <span class='ocrx_word' id='word_1_213' title='bbox 777 2044 861 2070; x_wconf 91' lang='lat' dir='ltr'>non</span> <span class='ocrx_word' id='word_1_214' title='bbox 888 2029 1007 2069; x_wconf 87' lang='lat' dir='ltr'>facile</span> <span class='ocrx_word' id='word_1_215' title='bbox 1031 2030 1290 2070; x_wconf 85' lang='lat' dir='ltr'>restituendi.</span> <span class='ocrx_word' id='word_1_216' title='bbox 1351 2030 1468 2071; x_wconf 91' lang='lat' dir='ltr'>Tom.</span> <span class='ocrx_word' id='word_1_217' title='bbox 1490 2032 1513 2071; x_wconf 88' lang='lat' dir='ltr'>i.</span> <span class='ocrx_word' id='word_1_218' title='bbox 1539 2047 1576 2086; x_wconf 91' lang='lat' dir='ltr'>p.</span> <span class='ocrx_word' id='word_1_219' title='bbox 1599 2037 1662 2075; x_wconf 74' lang='lat'>72.</span> <span class='ocrx_word' id='word_1_220' title='bbox 1691 2048 1712 2073; x_wconf 92' lang='lat' dir='ltr'>e</span> 
     </span>
     <span class='ocr_line' id='line_1_28' title="bbox 340 2093 1715 2148; baseline 0.001 -12"><span class='ocrx_word' id='word_1_221' title='bbox 340 2095 504 2136; x_wconf 88' lang='lat' dir='ltr'>Metelli</span> <span class='ocrx_word' id='word_1_222' title='bbox 526 2094 811 2139; x_wconf 85' lang='lat' dir='ltr'>Quirinalibus</span> <span class='ocrx_word' id='word_1_223' title='bbox 831 2093 1103 2148; x_wconf 89' lang='lat' dir='ltr'>proferuntur</span> <span class='ocrx_word' id='word_1_224' title='bbox 1126 2093 1227 2134; x_wconf 85' lang='lat' dir='ltr'>haec</span> <span class='ocrx_word' id='word_1_225' title='bbox 1254 2096 1387 2143; x_wconf 91' lang='lat' dir='ltr'>verba,</span> <span class='ocrx_word' id='word_1_226' title='bbox 1414 2110 1466 2136; x_wconf 88' lang='lat' dir='ltr'>ne</span> <span class='ocrx_word' id='word_1_227' title='bbox 1490 2110 1630 2137; x_wconf 84' lang='lat' dir='ltr'>versus</span> <span class='ocrx_word' id='word_1_228' title='bbox 1654 2098 1715 2137; x_wconf 58' lang='lat' dir='ltr'>di-&gt;</span> 
     </span>
     <span class='ocr_line' id='line_1_29' title="bbox 341 2173 454 2199; baseline -0.009 0"><span class='ocrx_word' id='word_1_229' title='bbox 341 2173 454 2199; x_wconf 83' lang='lat' dir='ltr'>cam:</span> 
     </span>
    </p>
   </div>
   <div class='ocr_carea' id='block_1_3' title="bbox 633 2269 1369 2358">
    <p class='ocr_par' dir='ltr' id='par_1_4' title="bbox 633 2269 1369 2358">
     <span class='ocr_line' id='line_1_30' title="bbox 635 2269 1185 2309; baseline 0 -10"><span class='ocrx_word' id='word_1_230' title='bbox 635 2270 808 2299; x_wconf 81' lang='lat' dir='ltr'>Recitantur</span> <span class='ocrx_word' id='word_1_231' title='bbox 821 2279 908 2308; x_wconf 85' lang='lat' dir='ltr'>super</span> <span class='ocrx_word' id='word_1_232' title='bbox 920 2269 991 2298; x_wconf 82' lang='lat' dir='ltr'>haec</span> <span class='ocrx_word' id='word_1_233' title='bbox 1005 2280 1057 2299; x_wconf 83' lang='lat' dir='ltr'>sua</span> <span class='ocrx_word' id='word_1_234' title='bbox 1071 2270 1185 2309; x_wconf 80' lang='lat' dir='ltr'>scripta,</span> 
     </span>
     <span class='ocr_line' id='line_1_31' title="bbox 633 2316 1369 2358; baseline 0.001 -12"><span class='ocrx_word' id='word_1_235' title='bbox 633 2317 711 2346; x_wconf 75' lang='lat' dir='ltr'>Data</span> <span class='ocrx_word' id='word_1_236' title='bbox 726 2316 871 2355; x_wconf 83' lang='lat' dir='ltr'>quondam</span> <span class='ocrx_word' id='word_1_237' title='bbox 884 2316 947 2351; x_wconf 82' lang='lat' dir='ltr'>tibi,</span> <span class='ocrx_word' id='word_1_238' title='bbox 963 2318 1123 2352; x_wconf 83' lang='lat' dir='ltr'>Bonifacie,</span> <span class='ocrx_word' id='word_1_239' title='bbox 1140 2318 1234 2353; x_wconf 86' lang='lat' dir='ltr'>Scote,</span> <span class='ocrx_word' id='word_1_240' title='bbox 1249 2324 1369 2358; x_wconf 81' lang='lat' dir='ltr'>martyr.</span> 
     </span>
    </p>
   </div>
   <div class='ocr_carea' id='block_1_4' title="bbox 341 2419 1714 2476">
    <p class='ocr_par' dir='ltr' id='par_1_5' title="bbox 341 2419 1714 2476">
     <span class='ocr_line' id='line_1_32' title="bbox 341 2419 1714 2476; baseline 0.004 -16"><span class='ocrx_word' id='word_1_241' title='bbox 341 2421 494 2461; x_wconf 88' lang='lat' dir='ltr'>Versus</span> <span class='ocrx_word' id='word_1_242' title='bbox 525 2419 701 2469; x_wconf 88' lang='lat' dir='ltr'>Metelli,</span> <span class='ocrx_word' id='word_1_243' title='bbox 731 2420 922 2461; x_wconf 89' lang='lat' dir='ltr'>monachi</span> <span class='ocrx_word' id='word_1_244' title='bbox 953 2421 1247 2476; x_wconf 85' lang='lat' dir='ltr'>Tergersensis,</span> <span class='ocrx_word' id='word_1_245' title='bbox 1279 2429 1471 2464; x_wconf 86' lang='lat' dir='ltr'>constant</span> <span class='ocrx_word' id='word_1_246' title='bbox 1506 2423 1657 2465; x_wconf 90' lang='lat' dir='ltr'>Ionicis</span> <span class='ocrx_word' id='word_1_247' title='bbox 1692 2440 1714 2464; x_wconf 87' lang='lat' dir='ltr'>a</span> 
     </span>
    </p>
   </div>
  </div>
 </body>
</html>
