2032 2912
680 358 855 390 GENTIS
880 358 1155 396 SCOTORUM,
1180 359 1268 391 LIB.
1291 360 1330 390 V.
1634 360 1696 393 269

311 450 410 483 tiosis
429 451 556 484 terrori
574 455 676 490 esset,
697 452 839 495 optimis
864 453 1063 496 quibusque
1088 453 1330 493 reverentiae3
1359 453 1486 488 virtuti
1511 454 1693 488 studerent

312 518 444 546 omnes,
469 508 723 552 concordiaque
746 509 852 542 simul
869 510 1121 549 coalescerent3
1148 511 1355 551 sacerdotes,
1374 511 1604 545 solutioribus
1622 522 1695 545 mo-

310 564 409 598 ribus
428 564 585 605 cohibiti,
612 564 755 599 Christo
773 566 936 610 divisque
954 566 1021 599 rite
1051 577 1090 600 ac
1116 572 1312 611 opportune
1338 579 1437 602 sacra
1461 574 1692 614 peragerent;

311 623 471 667 neglecta
497 623 629 666 templa
655 627 718 656 aut
743 634 814 657 non
840 624 907 657 rite
933 624 1028 657 culta
1053 623 1090 656 in
1115 624 1306 667 pristinum
1336 625 1607 659 restituerentur
1636 626 1694 660 de-

311 689 398 721 cus;
431 684 473 713 ut
503 679 655 724 denique
685 691 914 724 quaecunque
944 681 982 713 in
1017 679 1203 714 Scotorum
1240 691 1350 726 regno
1387 682 1520 715 urbane
1554 683 1693 729 religio-

310 747 391 770 seve
412 736 547 776 fierent,
566 737 610 770 ad
629 737 841 781 reipublicae
859 738 974 778 decus,
993 741 1028 771 et
1052 737 1096 771 ad
1120 737 1254 771 Christi
1272 739 1413 772 laudem
1430 738 1546 773 forent
1563 751 1694 774 accom-

312 794 465 828 modata.
519 792 563 827 In
580 793 636 827 his
654 799 846 838 perpetuus
864 794 943 828 viro
960 794 1060 829 labor
1077 795 1162 828 dum
1180 799 1357 839 superstes
1375 800 1475 836 esset,
1493 797 1530 829 in
1548 796 1603 830 his
1621 808 1693 831 om-

309 861 390 884 nem
409 851 527 896 exegit
545 851 691 885 vitam.'’
741 851 809 886 Vir
825 852 884 886 hic
907 859 982 886 tam
1007 853 1206 897 praeclarus
1233 852 1277 885 ad
1302 851 1565 887 Aberdonensis
1590 855 1694 887 eccle-

310 908 381 941 siae
407 908 566 954 regimen
592 914 807 953 assumptus,
833 911 871 943 in
898 910 999 955 cujus
1025 910 1178 955 gratiam
1205 910 1247 943 de
1273 909 1435 943 omnibus
1452 909 1563 953 ipsius
1580 911 1694 944 deces-

310 966 449 1000 soribus
469 965 517 998 H.
539 966 712 1000 Boethius
727 968 907 1001 eruditum
925 969 1090 1002 volumen
1109 967 1219 1001 edidit
1233 967 1299 1000 sub
1312 967 1417 1000 titulo
1436 972 1457 986 ‘⁶
1475 967 1530 1001 De
1548 967 1694 1001 Pontifi-

310 1023 408 1057 cibus
424 1022 769 1058 Aberdonensibus.'’
805 1024 902 1059 Eum
920 1024 1084 1064 Balaeus‚
1104 1024 1263 1069 alioquin
1279 1024 1377 1070 genti
1397 1030 1538 1059 nostrae
1551 1025 1693 1071 juratus

309 1081 433 1121 hostis,
460 1081 705 1115 doctissimum
732 1087 845 1122 vocat,
875 1093 939 1116 nec
964 1083 1166 1125 immerito;
1199 1093 1280 1115 nam
1307 1087 1429 1126 postea
1454 1083 1563 1116 totius
1593 1084 1692 1128 regni

309 1139 537 1173 cancellarius
564 1138 691 1180 factus,
715 1140 929 1174 academiam
956 1139 1246 1174 Aberdonensem
1273 1143 1418 1183 sumptu
1443 1140 1587 1184 proprio
1612 1140 1692 1174 fun-

309 1196 419 1236 davit,
437 1197 594 1241 undique
612 1197 763 1231 literatis
781 1198 901 1231 accitis
924 1197 1192 1242 professoribus,
1219 1197 1386 1241 pontibus
1413 1197 1519 1231 etiam
1546 1198 1691 1242 lapideis

308 1254 537 1298 pulcherrimi
569 1254 684 1299 operis
714 1254 854 1288 Donam
885 1254 1067 1299 Deamque
1097 1265 1229 1295 amnes,
1259 1254 1388 1298 quibus
1414 1254 1498 1288 urbs
1524 1253 1689 1301 cingitur,

310 1312 489 1351 instravit,
520 1313 637 1356 ipsum
670 1313 886 1356 episcopium
917 1317 952 1347 et
977 1309 1223 1346 canonicorum
1252 1312 1437 1357 collegium
1464 1313 1693 1356 amplioribus

309 1369 499 1403 structuris
517 1369 663 1403 mirifice
687 1370 879 1403 decoravit.
931 1369 1078 1403 Praeter
1102 1373 1278 1403 nostrates
1303 1368 1457 1402 Jacobus
1483 1368 1693 1403 Medendor-

308 1427 389 1472 pius
406 1426 442 1460 J.
462 1426 501 1460 C.
521 1427 581 1460 lib.
603 1436 646 1460 11.
666 1428 704 1460 in
721 1427 790 1460 fine
808 1428 851 1460 de
869 1426 1095 1467 Academiis;
1123 1427 1218 1471 quod
1236 1437 1324 1470 opus
1350 1426 1453 1460 futile
1479 1432 1543 1466 est,
1571 1431 1606 1461 et
1632 1426 1693 1472 fig-

309 1485 438 1519 mentis
455 1483 634 1518 Annianis
652 1484 835 1518 refertum.
887 1483 1036 1528 Scripsit
1054 1483 1315 1528 Elphinstonus

456 1541 644 1576 Scotorum
662 1541 864 1576 Chronicon
1177 1541 1237 1575 lib.
1258 1550 1282 1575 1.

457 1599 699 1634 Conciliorum
718 1598 862 1634 Statuta
1179 1598 1240 1633 lib.
1260 1608 1285 1632 1.
1302 1603 1337 1632 et
1348 1599 1417 1633 alia
1427 1599 1577 1640 infinita,
1591 1611 1691 1645 quae,

505 1657 598 1701 proh
615 1657 735 1691 dolor!
763 1657 1020 1691 haereticorum
1038 1656 1139 1690 furor
1163 1667 1277 1700 nuper
1302 1667 1381 1690 cum
1404 1657 1482 1690 aliis
1500 1657 1600 1703 regni
1619 1668 1690 1691 mo-

504 1714 686 1748 numentis
704 1714 951 1748 scelestissime
970 1714 1134 1747 abolevit.

357 1772 457 1807 Obiit
487 1776 659 1817 regnante
684 1771 817 1805 Jacobo
846 1770 929 1817 [V.]
958 1782 1051 1805 anno
1076 1769 1267 1816 [MDXIV]
1320 1770 1505 1805 Successor
1530 1771 1561 1804 ei
1587 1772 1690 1805 datus

308 1831 469 1865 Gavinus
487 1829 660 1870 Dumbar,
679 1829 854 1875 egregius,
873 1834 908 1863 et
925 1834 1024 1863 tanto
1042 1830 1220 1863 decessore
1238 1829 1467 1875 dignissimus
1484 1830 1635 1873 praesul.

706 1943 920 1978 THOMAS
944 1943 1158 1978 EVATUS.
1213 1946 1295 1982 499.

307 2061 485 2095 THOMAS
504 2060 644 2095 Evatus
662 2059 969 2094 Sanctandreanus
993 2059 1055 2093 diu
1081 2059 1246 2094 Lutetiae
1272 2059 1443 2100 substitit,
1472 2060 1687 2104 optimarum

308 2119 439 2153 artium
475 2119 608 2158 doctor,
642 2123 678 2152 et
712 2118 929 2151 academicos
960 2117 1110 2151 honores
1140 2128 1305 2161 persaepe
1333 2117 1491 2157 sortitus,
1522 2128 1687 2163 magnam

307 2176 362 2211 sui
392 2177 527 2223 ingenii
555 2175 687 2210 famam
717 2176 872 2220 reliquit.
925 2174 1018 2220 Ejus
1045 2179 1129 2209 sunt
1154 2175 1268 2209 multa
1294 2175 1400 2214 edita,
1430 2175 1491 2208 sed
1522 2186 1587 2221 ego
1616 2175 1689 2208 vidi

309 2239 448 2268 tantum

455 2290 699 2325 Praefationes
718 2291 878 2324 solennes
1194 2290 1254 2324 lib.
1276 2300 1299 2324 1.

454 2348 625 2382 Poemata
643 2348 742 2382 vario
761 2358 928 2382 versuum
947 2359 1075 2393 genere
1193 2348 1254 2382 lib.
1274 2357 1299 2381 Ι.

358 2406 513 2440 Parisios
532 2407 641 2446 venit,
660 2406 877 2449 docendique
896 2405 1113 2449 provinciam
1133 2405 1242 2439 subiit
1260 2415 1353 2439 anno
1372 2413 1491 2439 MDLI.
1535 2404 1689 2451 Elegans

307 2470 360 2498 est
382 2465 424 2497 de
448 2475 488 2497 eo
512 2464 757 2498 testimonium
783 2462 907 2497 Jacobi
935 2462 1115 2497 Paschasii
1143 2462 1355 2509 Lotharingi
1383 2463 1420 2496 in
1442 2462 1584 2498 Delitiis
1607 2463 1689 2497 Poe-
