2032 2912
702 347 877 381 GENTIS
901 346 1178 385 SCOTORUM,
1203 346 1292 378 LIB.
1319 346 1345 377 Ι.
1689 347 1732 375 25

478 441 532 476 De
552 441 814 487 Praerogativis
836 440 971 474 Fuldae
1220 439 1283 474 lib.
1303 448 1329 473 1.

377 498 426 532 Et
457 499 590 533 mentio
620 498 658 531 in
686 496 975 540 Antiquitatibus
1007 496 1244 531 Fuldensibus
1278 500 1424 530 curante
1459 493 1717 539 christophoro

332 554 513 589 Browero.
565 554 704 588 claruit
721 563 814 586 anno
833 561 988 586 MXLHI.

805 664 841 698 S.
868 663 1122 699 ABRANUS.
1176 664 1234 699 26.

323 782 359 815 S.
386 780 585 814 ABRANUS
609 790 703 814 unus
728 790 772 813 ex
794 778 966 813 fratribus
993 777 1027 812 S.
1050 778 1225 819 Gibriani,
1251 779 1327 813 sive
1352 778 1519 820 Gibirini,
1547 779 1584 813 in
1610 778 1713 813 Cam·

321 839 426 882 pania
452 836 587 871 Gallica
611 837 743 882 insigni
769 836 939 882 religione
961 840 997 870 et
1020 846 1160 870 morum
1184 835 1404 870 continentia
1427 836 1530 870 vixit.
1582 835 1710 870 Flodo-

321 895 428 928 ardus
445 894 505 928 lib.
526 902 579 927 [V.
599 893 736 927 Histor.
756 893 929 927 Rhemen.
948 903 1026 937 cap.
1047 902 1104 927 lx.
1155 893 1270 928 Extat
1287 893 1399 937 ipsius
1416 893 1555 939 insigne
1572 904 1661 938 opus

469 950 513 985 In
531 951 745 984 Psalterium
764 950 841 984 MS.
859 950 896 983 in
916 950 1128 985 bibliotheca
1147 950 1243 985 Petri
1265 950 1416 992 Petavii,
1436 951 1525 997 regii
1543 950 1708 985 Lutetiae

517 1007 701 1047 senatoris,
719 1008 774 1041 cui
793 1007 923 1041 recenti
947 1018 1056 1041 manu
1078 1006 1125 1041 D.
1149 1006 1347 1054 Augustini
1372 1006 1624 1042 Meditationes
1648 1007 1708 1041 ad-

513 1066 659 1110 junctae
676 1068 771 1104 sunt,
796 1064 857 1098 lib.
878 1073 903 1098 Ι.

370 1121 510 1155 Floruit
528 1132 621 1155 anno
641 1130 739 1156 Dxx.
787 1120 926 1155 Sanctis
947 1125 1219 1155 annumeratum
1242 1121 1354 1166 liquet
1377 1131 1421 1154 ex
1439 1119 1627 1155 Natalibus
1645 1119 1706 1154 SS.

320 1178 436 1224 Belgii
455 1178 602 1212 Molani.

763 1292 796 1326 S.
822 1290 1157 1326 ALEXANDER.
1209 1295 1267 1330 27.

318 1411 338 1426 “
360 1406 396 1440 S.
423 1407 706 1447 ALEXANDER‚
732 1405 870 1440 Scotiae
895 1406 988 1452 regis
1013 1406 1138 1447 filius‚'’
1164 1406 1217 1440 ait
1247 1405 1405 1440 Thomas
1429 1406 1473 1440 de
1497 1405 1706 1450 Cantiprato

317 1464 375 1497 lib.
409 1473 451 1498 11.
481 1463 623 1508 Apiarii
651 1474 728 1508 cap.
760 1471 800 1497 x.
832 1463 894 1507 qui
924 1463 1126 1507 impellente
1155 1474 1276 1497 sorore
1306 1462 1343 1497 S.
1371 1462 1564 1497 Mechtilde
1589 1462 1705 1508 regios

316 1521 466 1555 honores
491 1525 674 1554 aversatus
700 1520 739 1554 in
764 1519 918 1554 Galliam
944 1520 1096 1566 aufugit,
1123 1527 1158 1555 et
1184 1520 1276 1554 mira
1301 1520 1396 1554 vitae
1427 1520 1614 1554 sanctitate
1644 1518 1704 1553 flo-

316 1578 399 1617 ruit,
419 1577 599 1611 miraculis
620 1581 701 1621 post
723 1582 874 1611 mortem
898 1577 1124 1611 clarissimus.
1175 1576 1237 1611 An
1260 1577 1394 1622 aliquid
1419 1577 1608 1621 scripserit,
1632 1587 1703 1610 non

315 1634 442 1678 reperi.

364 1690 530 1724 Florebat
548 1702 641 1725 anno
660 1699 930 1725 Mcexxxvm.

752 1806 786 1841 S.
812 1806 1157 1841 ARGOBASTUS.
1210 1810 1266 1841 28.

316 1919 351 1952 S.
380 1919 662 1959 ARGOBASTUS,
688 1919 763 1953 sive
788 1919 1024 1966 Arbogastus,
1050 1925 1124 1961 aut,
1149 1925 1190 1955 ut
1216 1920 1322 1955 habet
1348 1919 1504 1955 Joannes
1536 1932 1557 1954 a
1588 1920 1703 1967 Nigra

315 1975 426 2016 Valle,
442 1975 689 2022 Armegastus‚
709 1976 745 2011 S.
760 1976 934 2011 Florentii
949 1988 1074 2011 comes.
1102 1977 1181 2011 Lib.
1198 1986 1252 2011 VI.
1267 1977 1372 2012 infra.
1400 1982 1421 1996 “
1434 1977 1489 2011 De
1507 1977 1625 2012 Scotia
1641 1989 1700 2011 ex-

315 2034 450 2072 cessit,”
464 2033 515 2067 ait
530 2033 695 2066 Molanus
709 2033 803 2067 infra
816 2034 993 2068 laudatus.
1037 2034 1213 2080 Magnum
1228 2034 1365 2068 Scotiae
1378 2035 1509 2074 lumen,
1523 2034 1561 2068 in
1574 2033 1700 2069 Galliis

315 2095 350 2123 et
378 2090 579 2123 Germaniis
608 2090 788 2133 praeclara
818 2090 1027 2125 eruditionis
1058 2090 1153 2124 fama
1184 2091 1339 2125 emicuit.
1397 2090 1467 2125 Hic
1496 2090 1700 2137 Dagoberto

315 2146 533 2180 Francorum
559 2146 634 2192 regi
660 2147 705 2180 ab
730 2146 898 2191 epistolis,
922 2151 958 2180 et
980 2148 1132 2187 secretis,
1157 2148 1391 2193 consiliisque,
1417 2159 1457 2182 eo
1481 2149 1575 2192 apud
1598 2149 1698 2182 illum

312 2205 388 2237 loco
413 2214 484 2247 quo
509 2203 670 2247 privatus
696 2214 771 2237 esse
795 2204 890 2247 apud
916 2208 1056 2238 tantum
1081 2204 1276 2249 principem
1303 2209 1366 2238 aut
1392 2205 1523 2245 debuit,
1550 2210 1613 2239 aut
1637 2216 1699 2250 po-

314 2261 394 2294 tuit.
446 2258 589 2293 Exinde
606 2258 838 2306 Argentorati
856 2260 1040 2305 episcopus
1057 2261 1295 2301 renunciatus,
1312 2272 1385 2295 non
1402 2262 1477 2295 sine
1500 2262 1698 2297 sanctitatis

312 2316 476 2361 opinione
500 2317 600 2350 vixit.
649 2316 742 2363 Ejus
766 2317 876 2351 vitam
900 2317 1081 2361 scripsisse
1104 2317 1218 2352 fertur
1241 2329 1334 2352 anno
1358 2326 1584 2354 DCCCCLXV.
1603 2317 1698 2352 Urso

312 2375 496 2418 episcopus
522 2373 835 2420 Argentoratensis
862 2383 1013 2408 XXXIX.
1063 2373 1287 2420 Sigebertum
1312 2375 1465 2409 occisum
1487 2376 1532 2410 ab
1548 2387 1635 2421 apro
1652 2376 1696 2410 ad

313 2430 423 2464 vitam
442 2430 633 2465 revocavit.
686 2429 924 2477 Wolfgangus
943 2429 1088 2466 Lazius.
1140 2430 1290 2476 Scripsit
1307 2436 1427 2467 autem

979 2496 1005 2521 Ε
