<?xml version="1.0" encoding="UTF-8"?>
<!DOCTYPE html PUBLIC "-//W3C//DTD XHTML 1.0 Transitional//EN"
    "http://www.w3.org/TR/xhtml1/DTD/xhtml1-transitional.dtd">
<html xmlns="http://www.w3.org/1999/xhtml" xml:lang="en" lang="en">
 <head>
  <title>
</title>
<meta http-equiv="Content-Type" content="text/html;charset=utf-8" />
  <meta name='ocr-system' content='tesseract 3.04.00' />
  <meta name='ocr-capabilities' content='ocr_page ocr_carea ocr_par ocr_line ocrx_word'/>
</head>
<body>
  <div class='ocr_page' id='page_1' title='image "./thomaedempste2101dempuoft_0391.png"; bbox 0 0 2032 2912; ppageno 0'>
   <div class='ocr_carea' id='block_1_1' title="bbox 687 325 1732 365">
    <p class='ocr_par' dir='ltr' id='par_1_1' title="bbox 687 325 1732 365">
     <span class='ocr_line' id='line_1_1' title="bbox 687 325 1732 365; baseline 0.005 -8"><span class='ocrx_word' id='word_1_1' title='bbox 687 325 863 359; x_wconf 90' lang='lat' dir='ltr'>GENTIS</span> <span class='ocrx_word' id='word_1_2' title='bbox 889 326 1165 365; x_wconf 87' lang='lat' dir='ltr'>SCOTORUM,</span> <span class='ocrx_word' id='word_1_3' title='bbox 1190 328 1279 361; x_wconf 90' lang='lat' dir='ltr'>LIB.</span> <span class='ocrx_word' id='word_1_4' title='bbox 1301 329 1378 362; x_wconf 89' lang='lat' dir='ltr'>V11.</span> <span class='ocrx_word' id='word_1_5' title='bbox 1669 331 1732 363; x_wconf 75' lang='lat'>329</span> 
     </span>
    </p>
   </div>
   <div class='ocr_carea' id='block_1_2' title="bbox 493 420 1365 515">
    <p class='ocr_par' dir='ltr' id='par_1_2' title="bbox 493 420 1365 515">
     <span class='ocr_line' id='line_1_2' title="bbox 495 420 1365 468; baseline 0.003 -14"><span class='ocrx_word' id='word_1_6' title='bbox 495 420 538 454; x_wconf 93' lang='lat' dir='ltr'>In</span> <span class='ocrx_word' id='word_1_7' title='bbox 556 425 711 465; x_wconf 88' lang='lat' dir='ltr'>quatuor</span> <span class='ocrx_word' id='word_1_8' title='bbox 728 420 929 468; x_wconf 88' lang='lat' dir='ltr'>Evangelia</span> <span class='ocrx_word' id='word_1_9' title='bbox 1231 423 1291 457; x_wconf 93' lang='lat' dir='ltr'>lib.</span> <span class='ocrx_word' id='word_1_10' title='bbox 1312 433 1365 458; x_wconf 85' lang='lat' dir='ltr'>IV.</span> 
     </span>
     <span class='ocr_line' id='line_1_3' title="bbox 493 478 1338 515; baseline 0.004 -3"><span class='ocrx_word' id='word_1_11' title='bbox 493 478 688 512; x_wconf 87' lang='lat' dir='ltr'>Conciones</span> <span class='ocrx_word' id='word_1_12' title='bbox 707 480 824 512; x_wconf 88' lang='lat' dir='ltr'>varias</span> <span class='ocrx_word' id='word_1_13' title='bbox 1231 481 1293 515; x_wconf 89' lang='lat' dir='ltr'>lib.</span> <span class='ocrx_word' id='word_1_14' title='bbox 1313 490 1338 515; x_wconf 92' lang='lat'>1.</span> 
     </span>
    </p>
   </div>
   <div class='ocr_carea' id='block_1_3' title="bbox 344 536 1729 641">
    <p class='ocr_par' dir='ltr' id='par_1_3' title="bbox 344 536 1729 641">
     <span class='ocr_line' id='line_1_4' title="bbox 399 536 1729 584; baseline 0.003 -14"><span class='ocrx_word' id='word_1_15' title='bbox 399 536 566 571; x_wconf 84' lang='lat' dir='ltr'>Florebat</span> <span class='ocrx_word' id='word_1_16' title='bbox 584 547 677 570; x_wconf 88' lang='lat' dir='ltr'>anno</span> <span class='ocrx_word' id='word_1_17' title='bbox 697 545 880 570; x_wconf 79' lang='lat' dir='ltr'>Mcccxx.</span> <span class='ocrx_word' id='word_1_18' title='bbox 931 536 1038 571; x_wconf 88' lang='lat' dir='ltr'>Hunc</span> <span class='ocrx_word' id='word_1_19' title='bbox 1055 538 1145 573; x_wconf 88' lang='lat' dir='ltr'>falso</span> <span class='ocrx_word' id='word_1_20' title='bbox 1163 537 1275 584; x_wconf 88' lang='lat' dir='ltr'>Angli</span> <span class='ocrx_word' id='word_1_21' title='bbox 1290 550 1394 573; x_wconf 91' lang='lat' dir='ltr'>suum</span> <span class='ocrx_word' id='word_1_22' title='bbox 1409 539 1522 573; x_wconf 88' lang='lat' dir='ltr'>civem</span> <span class='ocrx_word' id='word_1_23' title='bbox 1535 539 1681 580; x_wconf 90' lang='lat' dir='ltr'>faciunt,</span> <span class='ocrx_word' id='word_1_24' title='bbox 1696 546 1729 574; x_wconf 86' lang='lat' dir='ltr'>et</span> 
     </span>
     <span class='ocr_line' id='line_1_5' title="bbox 344 594 1555 641; baseline 0.003 -14"><span class='ocrx_word' id='word_1_25' title='bbox 344 594 547 628; x_wconf 87' lang='lat' dir='ltr'>Grimmum</span> <span class='ocrx_word' id='word_1_26' title='bbox 566 594 713 628; x_wconf 87' lang='lat' dir='ltr'>ridicule</span> <span class='ocrx_word' id='word_1_27' title='bbox 732 598 881 628; x_wconf 83' lang='lat' dir='ltr'>vocant:</span> <span class='ocrx_word' id='word_1_28' title='bbox 908 595 946 629; x_wconf 89' lang='lat' dir='ltr'>in</span> <span class='ocrx_word' id='word_1_29' title='bbox 963 595 1019 629; x_wconf 91' lang='lat' dir='ltr'>his</span> <span class='ocrx_word' id='word_1_30' title='bbox 1037 600 1091 630; x_wconf 91' lang='lat' dir='ltr'>est</span> <span class='ocrx_word' id='word_1_31' title='bbox 1108 596 1361 641; x_wconf 83' lang='lat' dir='ltr'>ignavissimus</span> <span class='ocrx_word' id='word_1_32' title='bbox 1381 596 1555 631; x_wconf 89' lang='lat' dir='ltr'>Pitsaeus.</span> 
     </span>
    </p>
   </div>
   <div class='ocr_carea' id='block_1_4' title="bbox 658 707 1419 745">
    <p class='ocr_par' dir='ltr' id='par_1_4' title="bbox 658 707 1419 745">
     <span class='ocr_line' id='line_1_6' title="bbox 658 707 1419 745; baseline 0.004 -3"><span class='ocrx_word' id='word_1_33' title='bbox 658 707 972 742; x_wconf 87' lang='lat' dir='ltr'>BERNARDUS</span> <span class='ocrx_word' id='word_1_34' title='bbox 997 707 1282 745; x_wconf 90' lang='lat' dir='ltr'>GORDONUS.</span> <span class='ocrx_word' id='word_1_35' title='bbox 1336 709 1419 745; x_wconf 88' lang='grc'><strong>616.</strong></span> 
     </span>
    </p>
   </div>
   <div class='ocr_carea' id='block_1_5' title="bbox 343 822 1731 1042">
    <p class='ocr_par' dir='ltr' id='par_1_5' title="bbox 343 822 1731 1042">
     <span class='ocr_line' id='line_1_7' title="bbox 344 822 1729 872; baseline 0.003 -15"><span class='ocrx_word' id='word_1_36' title='bbox 344 824 602 858; x_wconf 76' lang='lat' dir='ltr'>BERNARDUS</span> <span class='ocrx_word' id='word_1_37' title='bbox 629 822 828 863; x_wconf 90' lang='lat' dir='ltr'>Gordonus,</span> <span class='ocrx_word' id='word_1_38' title='bbox 859 824 981 858; x_wconf 88' lang='lat' dir='ltr'>doctor</span> <span class='ocrx_word' id='word_1_39' title='bbox 1006 825 1210 866; x_wconf 89' lang='lat' dir='ltr'>medicinae,</span> <span class='ocrx_word' id='word_1_40' title='bbox 1241 837 1281 860; x_wconf 90' lang='lat' dir='ltr'>ac</span> <span class='ocrx_word' id='word_1_41' title='bbox 1311 827 1526 861; x_wconf 87' lang='lat' dir='ltr'>clarissimus</span> <span class='ocrx_word' id='word_1_42' title='bbox 1557 827 1729 872; x_wconf 89' lang='lat' dir='ltr'>Monpelii</span> 
     </span>
     <span class='ocr_line' id='line_1_8' title="bbox 343 880 1730 928; baseline 0.002 -12"><span class='ocrx_word' id='word_1_43' title='bbox 343 881 534 926; x_wconf 87' lang='lat' dir='ltr'>professor,</span> <span class='ocrx_word' id='word_1_44' title='bbox 553 893 625 927; x_wconf 91' lang='lat' dir='ltr'>quo</span> <span class='ocrx_word' id='word_1_45' title='bbox 644 892 708 915; x_wconf 90' lang='lat' dir='ltr'>nec</span> <span class='ocrx_word' id='word_1_46' title='bbox 724 880 916 915; x_wconf 86' lang='lat' dir='ltr'>doctiorem</span> <span class='ocrx_word' id='word_1_47' title='bbox 936 882 1114 916; x_wconf 87' lang='lat' dir='ltr'>academia</span> <span class='ocrx_word' id='word_1_48' title='bbox 1134 894 1176 917; x_wconf 89' lang='lat' dir='ltr'>ea</span> <span class='ocrx_word' id='word_1_49' title='bbox 1198 894 1366 928; x_wconf 82' lang='lat' dir='ltr'>unquam,</span> <span class='ocrx_word' id='word_1_50' title='bbox 1391 895 1454 918; x_wconf 89' lang='lat' dir='ltr'>nec</span> <span class='ocrx_word' id='word_1_51' title='bbox 1477 883 1668 919; x_wconf 90' lang='lat' dir='ltr'>feliciorem</span> <span class='ocrx_word' id='word_1_52' title='bbox 1694 886 1730 919; x_wconf 93' lang='lat' dir='ltr'>in</span> 
     </span>
     <span class='ocr_line' id='line_1_9' title="bbox 344 939 1731 987; baseline 0.003 -14"><span class='ocrx_word' id='word_1_53' title='bbox 344 939 507 974; x_wconf 80' lang='lat' dir='ltr'>facienda</span> <span class='ocrx_word' id='word_1_54' title='bbox 522 939 707 979; x_wconf 86' lang='lat' dir='ltr'>medicina,</span> <span class='ocrx_word' id='word_1_55' title='bbox 725 943 766 973; x_wconf 86' lang='lat' dir='ltr'>ut</span> <span class='ocrx_word' id='word_1_56' title='bbox 784 939 943 984; x_wconf 89' lang='lat' dir='ltr'>loquitur</span> <span class='ocrx_word' id='word_1_57' title='bbox 960 939 1141 974; x_wconf 85' lang='lat' dir='ltr'>Paschalis</span> <span class='ocrx_word' id='word_1_58' title='bbox 1160 939 1295 981; x_wconf 78' lang='lat' dir='ltr'>Gallus,</span> <span class='ocrx_word' id='word_1_59' title='bbox 1313 953 1354 976; x_wconf 89' lang='lat' dir='ltr'>ea</span> <span class='ocrx_word' id='word_1_60' title='bbox 1368 946 1463 976; x_wconf 89' lang='lat' dir='ltr'>aetas</span> <span class='ocrx_word' id='word_1_61' title='bbox 1477 943 1571 977; x_wconf 89' lang='lat' dir='ltr'>tulit.</span> <span class='ocrx_word' id='word_1_62' title='bbox 1615 941 1731 987; x_wconf 88' lang='lat' dir='ltr'>Scrip-</span> 
     </span>
     <span class='ocr_line' id='line_1_10' title="bbox 344 997 742 1042; baseline -0.003 -11"><span class='ocrx_word' id='word_1_63' title='bbox 344 997 391 1031; x_wconf 90' lang='lat' dir='ltr'>sit</span> <span class='ocrx_word' id='word_1_64' title='bbox 409 997 590 1042; x_wconf 87' lang='lat' dir='ltr'>plurima:</span> <span class='ocrx_word' id='word_1_65' title='bbox 618 998 657 1031; x_wconf 91' lang='lat' dir='ltr'>in</span> <span class='ocrx_word' id='word_1_66' title='bbox 674 997 742 1037; x_wconf 90' lang='lat' dir='ltr'>his,</span> 
     </span>
    </p>
   </div>
   <div class='ocr_carea' id='block_1_6' title="bbox 490 1054 1733 1378">
    <p class='ocr_par' dir='ltr' id='par_1_6' title="bbox 490 1054 1338 1090">
     <span class='ocr_line' id='line_1_11' title="bbox 490 1054 1338 1090; baseline 0.002 -2"><span class='ocrx_word' id='word_1_67' title='bbox 490 1054 628 1089; x_wconf 91' lang='lat' dir='ltr'>Lilium</span> <span class='ocrx_word' id='word_1_68' title='bbox 647 1054 846 1089; x_wconf 82' lang='lat' dir='ltr'>Medicinae</span> <span class='ocrx_word' id='word_1_69' title='bbox 1232 1056 1293 1090; x_wconf 89' lang='lat' dir='ltr'>lib.</span> <span class='ocrx_word' id='word_1_70' title='bbox 1313 1065 1338 1090; x_wconf 91' lang='lat'>1.</span> 
     </span>
    </p>

    <p class='ocr_par' dir='ltr' id='par_1_7' title="bbox 492 1112 1338 1148">
     <span class='ocr_line' id='line_1_12' title="bbox 492 1112 1338 1148; baseline 0.001 -2"><span class='ocrx_word' id='word_1_71' title='bbox 492 1112 766 1147; x_wconf 88' lang='lat' dir='ltr'>Antidotarium</span> <span class='ocrx_word' id='word_1_72' title='bbox 1231 1114 1293 1148; x_wconf 90' lang='lat' dir='ltr'>lib.</span> <span class='ocrx_word' id='word_1_73' title='bbox 1314 1123 1338 1147; x_wconf 93' lang='lat'>1.</span> 
     </span>
    </p>

    <p class='ocr_par' dir='ltr' id='par_1_8' title="bbox 495 1169 1342 1205">
     <span class='ocr_line' id='line_1_13' title="bbox 495 1169 1342 1205; baseline 0.001 -1"><span class='ocrx_word' id='word_1_74' title='bbox 495 1169 696 1204; x_wconf 86' lang='lat' dir='ltr'>Vulnerum</span> <span class='ocrx_word' id='word_1_75' title='bbox 714 1169 863 1204; x_wconf 69' lang='lat' dir='ltr'>Curatio</span> <span class='ocrx_word' id='word_1_76' title='bbox 1235 1171 1295 1205; x_wconf 90' lang='lat' dir='ltr'>lib.</span> <span class='ocrx_word' id='word_1_77' title='bbox 1317 1180 1342 1205; x_wconf 92' lang='lat'>1.</span> 
     </span>
    </p>

    <p class='ocr_par' dir='ltr' id='par_1_9' title="bbox 494 1226 1339 1273">
     <span class='ocr_line' id='line_1_14' title="bbox 494 1226 1339 1273; baseline 0.001 -11"><span class='ocrx_word' id='word_1_78' title='bbox 494 1227 611 1262; x_wconf 82' lang='lat' dir='ltr'>Rarae</span> <span class='ocrx_word' id='word_1_79' title='bbox 628 1229 667 1262; x_wconf 89' lang='lat' dir='ltr'>in</span> <span class='ocrx_word' id='word_1_80' title='bbox 684 1227 915 1273; x_wconf 85' lang='lat' dir='ltr'>chirurgiam</span> <span class='ocrx_word' id='word_1_81' title='bbox 932 1226 1210 1263; x_wconf 85' lang='lat' dir='ltr'>Observationes</span> <span class='ocrx_word' id='word_1_82' title='bbox 1228 1229 1291 1264; x_wconf 89' lang='lat' dir='ltr'>lib.</span> <span class='ocrx_word' id='word_1_83' title='bbox 1313 1239 1339 1263; x_wconf 91' lang='lat'>1.</span> 
     </span>
    </p>

    <p class='ocr_par' dir='ltr' id='par_1_10' title="bbox 492 1285 1733 1378">
     <span class='ocr_line' id='line_1_15' title="bbox 492 1285 1733 1331; baseline 0.002 -11"><span class='ocrx_word' id='word_1_84' title='bbox 492 1285 621 1320; x_wconf 85' lang='lat' dir='ltr'>Praxis</span> <span class='ocrx_word' id='word_1_85' title='bbox 639 1285 860 1320; x_wconf 86' lang='lat' dir='ltr'>medicinalis</span> <span class='ocrx_word' id='word_1_86' title='bbox 1225 1287 1285 1321; x_wconf 91' lang='lat' dir='ltr'>lib.</span> <span class='ocrx_word' id='word_1_87' title='bbox 1306 1295 1343 1321; x_wconf 82' lang='lat' dir='ltr'>v.</span> <span class='ocrx_word' id='word_1_88' title='bbox 1371 1297 1459 1331; x_wconf 91' lang='lat' dir='ltr'>opus</span> <span class='ocrx_word' id='word_1_89' title='bbox 1486 1288 1634 1322; x_wconf 87' lang='lat' dir='ltr'>eruditis</span> <span class='ocrx_word' id='word_1_90' title='bbox 1660 1290 1733 1323; x_wconf 87' lang='lat' dir='ltr'>lau-</span> 
     </span>
     <span class='ocr_line' id='line_1_16' title="bbox 543 1344 779 1378; baseline 0 -2"><span class='ocrx_word' id='word_1_91' title='bbox 543 1344 779 1378; x_wconf 89' lang='lat' dir='ltr'>datissimum.</span> 
     </span>
    </p>
   </div>
   <div class='ocr_carea' id='block_1_7' title="bbox 393 1401 872 1436">
    <p class='ocr_par' dir='ltr' id='par_1_11' title="bbox 393 1401 872 1436">
     <span class='ocr_line' id='line_1_17' title="bbox 393 1401 872 1436; baseline -0.004 0"><span class='ocrx_word' id='word_1_92' title='bbox 393 1401 548 1436; x_wconf 88' lang='lat' dir='ltr'>Vivebat</span> <span class='ocrx_word' id='word_1_93' title='bbox 566 1412 659 1435; x_wconf 91' lang='lat' dir='ltr'>anno</span> <span class='ocrx_word' id='word_1_94' title='bbox 678 1408 872 1434; x_wconf 83' lang='lat' dir='ltr'>Mcnxcn.</span> 
     </span>
    </p>
   </div>
   <div class='ocr_carea' id='block_1_8' title="bbox 824 1498 1261 1537">
    <p class='ocr_par' dir='ltr' id='par_1_12' title="bbox 824 1498 1261 1537">
     <span class='ocr_line' id='line_1_18' title="bbox 824 1498 1261 1537; baseline 0.002 -5"><span class='ocrx_word' id='word_1_95' title='bbox 824 1498 1126 1533; x_wconf 89' lang='lat' dir='ltr'>GILBERTUS.</span> <span class='ocrx_word' id='word_1_96' title='bbox 1179 1498 1261 1537; x_wconf 87' lang='lat'>617.</span> 
     </span>
    </p>
   </div>
   <div class='ocr_carea' id='block_1_9' title="bbox 345 1573 1735 2138">
    <p class='ocr_par' dir='ltr' id='par_1_13' title="bbox 345 1573 1735 1964">
     <span class='ocr_line' id='line_1_19' title="bbox 345 1573 1735 1620; baseline 0 -9"><span class='ocrx_word' id='word_1_97' title='bbox 345 1576 595 1614; x_wconf 79' lang='lat' dir='ltr'>GILBERTUS,</span> <span class='ocrx_word' id='word_1_98' title='bbox 614 1573 809 1608; x_wconf 90' lang='lat' dir='ltr'>monachus</span> <span class='ocrx_word' id='word_1_99' title='bbox 827 1573 1082 1607; x_wconf 87' lang='lat' dir='ltr'>Benedictinus</span> <span class='ocrx_word' id='word_1_100' title='bbox 1100 1574 1371 1614; x_wconf 87' lang='lat' dir='ltr'>Mailrosiensis,</span> <span class='ocrx_word' id='word_1_101' title='bbox 1390 1581 1425 1609; x_wconf 90' lang='lat' dir='ltr'>et</span> <span class='ocrx_word' id='word_1_102' title='bbox 1442 1576 1549 1610; x_wconf 79' lang='lat' dir='ltr'>abbas</span> <span class='ocrx_word' id='word_1_103' title='bbox 1572 1576 1611 1611; x_wconf 90' lang='lat' dir='ltr'>in</span> <span class='ocrx_word' id='word_1_104' title='bbox 1627 1574 1735 1620; x_wconf 63' lang='lat' dir='ltr'>Holgs</span> 
     </span>
     <span class='ocr_line' id='line_1_20' title="bbox 345 1631 1733 1675; baseline 0.001 -8"><span class='ocrx_word' id='word_1_105' title='bbox 345 1631 490 1672; x_wconf 78' lang='lat' dir='ltr'>Ilande,</span> <span class='ocrx_word' id='word_1_106' title='bbox 509 1643 572 1666; x_wconf 91' lang='lat' dir='ltr'>seu</span> <span class='ocrx_word' id='word_1_107' title='bbox 591 1631 734 1665; x_wconf 88' lang='lat' dir='ltr'>Insulae</span> <span class='ocrx_word' id='word_1_108' title='bbox 753 1631 891 1670; x_wconf 87' lang='lat' dir='ltr'>Sacrae,</span> <span class='ocrx_word' id='word_1_109' title='bbox 915 1631 952 1664; x_wconf 91' lang='lat' dir='ltr'>in</span> <span class='ocrx_word' id='word_1_110' title='bbox 976 1642 1047 1674; x_wconf 89' lang='lat' dir='ltr'>qua</span> <span class='ocrx_word' id='word_1_111' title='bbox 1070 1631 1160 1665; x_wconf 88' lang='lat' dir='ltr'>nulli</span> <span class='ocrx_word' id='word_1_112' title='bbox 1185 1642 1343 1675; x_wconf 90' lang='lat' dir='ltr'>unquam</span> <span class='ocrx_word' id='word_1_113' title='bbox 1367 1632 1509 1667; x_wconf 85' lang='lat' dir='ltr'>abbates</span> <span class='ocrx_word' id='word_1_114' title='bbox 1533 1633 1602 1667; x_wconf 92' lang='lat' dir='ltr'>nisi</span> <span class='ocrx_word' id='word_1_115' title='bbox 1627 1633 1733 1673; x_wconf 88' lang='lat' dir='ltr'>Scoti‚</span> 
     </span>
     <span class='ocr_line' id='line_1_21' title="bbox 345 1687 1734 1734; baseline 0 -9"><span class='ocrx_word' id='word_1_116' title='bbox 345 1702 409 1725; x_wconf 92' lang='lat' dir='ltr'>nec</span> <span class='ocrx_word' id='word_1_117' title='bbox 434 1690 610 1730; x_wconf 87' lang='lat' dir='ltr'>monachi,</span> <span class='ocrx_word' id='word_1_118' title='bbox 636 1688 816 1734; x_wconf 88' lang='lat' dir='ltr'>pertinent</span> <span class='ocrx_word' id='word_1_119' title='bbox 843 1689 937 1722; x_wconf 89' lang='lat' dir='ltr'>enim</span> <span class='ocrx_word' id='word_1_120' title='bbox 965 1688 1010 1721; x_wconf 89' lang='lat' dir='ltr'>ad</span> <span class='ocrx_word' id='word_1_121' title='bbox 1033 1689 1230 1723; x_wconf 86' lang='lat' dir='ltr'>antistitem</span> <span class='ocrx_word' id='word_1_122' title='bbox 1257 1687 1594 1730; x_wconf 65' lang='lat' dir='ltr'>Sanctafflreanum,</span> <span class='ocrx_word' id='word_1_123' title='bbox 1621 1696 1655 1725; x_wconf 88' lang='lat' dir='ltr'>et</span> <span class='ocrx_word' id='word_1_124' title='bbox 1682 1698 1734 1725; x_wconf 90' lang='lat' dir='ltr'>est</span> 
     </span>
     <span class='ocr_line' id='line_1_22' title="bbox 347 1745 1733 1791; baseline -0.001 -7"><span class='ocrx_word' id='word_1_125' title='bbox 347 1749 504 1784; x_wconf 88' lang='lat' dir='ltr'>Scoticae</span> <span class='ocrx_word' id='word_1_126' title='bbox 530 1747 688 1787; x_wconf 89' lang='lat' dir='ltr'>ditionis,</span> <span class='ocrx_word' id='word_1_127' title='bbox 723 1745 864 1790; x_wconf 88' lang='lat' dir='ltr'>fuitque</span> <span class='ocrx_word' id='word_1_128' title='bbox 894 1754 1042 1790; x_wconf 87' lang='lat' dir='ltr'>semper,</span> <span class='ocrx_word' id='word_1_129' title='bbox 1073 1750 1115 1780; x_wconf 92' lang='lat' dir='ltr'>ut</span> <span class='ocrx_word' id='word_1_130' title='bbox 1140 1746 1313 1786; x_wconf 90' lang='lat' dir='ltr'>nonnulli,</span> <span class='ocrx_word' id='word_1_131' title='bbox 1339 1751 1536 1791; x_wconf 85' lang='lat' dir='ltr'>apostatam</span> <span class='ocrx_word' id='word_1_132' title='bbox 1562 1747 1733 1783; x_wconf 88' lang='lat' dir='ltr'>Balaeum</span> 
     </span>
     <span class='ocr_line' id='line_1_23' title="bbox 345 1803 1734 1851; baseline -0.001 -10"><span class='ocrx_word' id='word_1_133' title='bbox 345 1807 468 1845; x_wconf 90' lang='lat' dir='ltr'>secuti,</span> <span class='ocrx_word' id='word_1_134' title='bbox 482 1804 644 1851; x_wconf 89' lang='lat' dir='ltr'>Anglum</span> <span class='ocrx_word' id='word_1_135' title='bbox 658 1803 817 1838; x_wconf 88' lang='lat' dir='ltr'>fecerint.</span> <span class='ocrx_word' id='word_1_136' title='bbox 856 1803 943 1837; x_wconf 88' lang='lat' dir='ltr'>Fuit</span> <span class='ocrx_word' id='word_1_137' title='bbox 956 1803 1002 1837; x_wconf 90' lang='lat' dir='ltr'>D.</span> <span class='ocrx_word' id='word_1_138' title='bbox 1018 1803 1193 1838; x_wconf 87' lang='lat' dir='ltr'>Bernardi</span> <span class='ocrx_word' id='word_1_139' title='bbox 1207 1803 1301 1837; x_wconf 89' lang='lat' dir='ltr'>vitae</span> <span class='ocrx_word' id='word_1_140' title='bbox 1319 1805 1507 1839; x_wconf 87' lang='lat' dir='ltr'>sanctitate</span> <span class='ocrx_word' id='word_1_141' title='bbox 1525 1817 1734 1851; x_wconf 87' lang='lat' dir='ltr'>morumque</span> 
     </span>
     <span class='ocr_line' id='line_1_24' title="bbox 345 1861 1733 1910; baseline -0.002 -11"><span class='ocrx_word' id='word_1_142' title='bbox 345 1864 523 1910; x_wconf 88' lang='lat' dir='ltr'>probitate</span> <span class='ocrx_word' id='word_1_143' title='bbox 542 1862 714 1902; x_wconf 89' lang='lat' dir='ltr'>imitator,</span> <span class='ocrx_word' id='word_1_144' title='bbox 734 1866 770 1895; x_wconf 93' lang='lat' dir='ltr'>et</span> <span class='ocrx_word' id='word_1_145' title='bbox 787 1861 983 1896; x_wconf 87' lang='lat' dir='ltr'>admirator</span> <span class='ocrx_word' id='word_1_146' title='bbox 1005 1861 1167 1901; x_wconf 83' lang='lat' dir='ltr'>eximius,</span> <span class='ocrx_word' id='word_1_147' title='bbox 1195 1862 1415 1906; x_wconf 86' lang='lat' dir='ltr'>eloquentiae</span> <span class='ocrx_word' id='word_1_148' title='bbox 1440 1863 1547 1896; x_wconf 88' lang='lat' dir='ltr'>etiam</span> <span class='ocrx_word' id='word_1_149' title='bbox 1570 1863 1733 1898; x_wconf 85' lang='lat' dir='ltr'>assiduus</span> 
     </span>
     <span class='ocr_line' id='line_1_25' title="bbox 346 1919 712 1964; baseline -0.011 -7"><span class='ocrx_word' id='word_1_150' title='bbox 346 1925 509 1957; x_wconf 87' lang='lat' dir='ltr'>sectator.</span> <span class='ocrx_word' id='word_1_151' title='bbox 560 1919 712 1964; x_wconf 91' lang='lat' dir='ltr'>Scripsit</span> 
     </span>
    </p>

    <p class='ocr_par' dir='ltr' id='par_1_14' title="bbox 493 1976 1732 2023">
     <span class='ocr_line' id='line_1_26' title="bbox 493 1976 1732 2023; baseline 0 -11"><span class='ocrx_word' id='word_1_152' title='bbox 493 1977 537 2012; x_wconf 93' lang='lat' dir='ltr'>In</span> <span class='ocrx_word' id='word_1_153' title='bbox 559 1977 630 2012; x_wconf 89' lang='lat' dir='ltr'>tria</span> <span class='ocrx_word' id='word_1_154' title='bbox 648 1976 881 2011; x_wconf 89' lang='lat' dir='ltr'>Canticorum</span> <span class='ocrx_word' id='word_1_155' title='bbox 907 1976 1025 2021; x_wconf 86' lang='lat' dir='ltr'>capita</span> <span class='ocrx_word' id='word_1_156' title='bbox 1047 1977 1277 2012; x_wconf 91' lang='lat' dir='ltr'>suavissimos</span> <span class='ocrx_word' id='word_1_157' title='bbox 1302 1982 1337 2010; x_wconf 89' lang='lat' dir='ltr'>et</span> <span class='ocrx_word' id='word_1_158' title='bbox 1361 1977 1640 2023; x_wconf 89' lang='lat' dir='ltr'>elegantissimos</span> <span class='ocrx_word' id='word_1_159' title='bbox 1663 1989 1732 2012; x_wconf 89' lang='lat' dir='ltr'>ser-</span> 
     </span>
    </p>

    <p class='ocr_par' dir='ltr' id='par_1_15' title="bbox 394 2034 1677 2138">
     <span class='ocr_line' id='line_1_27' title="bbox 541 2034 1293 2069; baseline -0.003 0"><span class='ocrx_word' id='word_1_160' title='bbox 541 2045 663 2069; x_wconf 90' lang='lat' dir='ltr'>mones</span> <span class='ocrx_word' id='word_1_161' title='bbox 681 2039 760 2068; x_wconf 92' lang='lat' dir='ltr'>octo</span> <span class='ocrx_word' id='word_1_162' title='bbox 1187 2034 1248 2068; x_wconf 89' lang='lat' dir='ltr'>lib.</span> <span class='ocrx_word' id='word_1_163' title='bbox 1268 2043 1293 2068; x_wconf 94' lang='lat'>1.</span> 
     </span>
     <span class='ocr_line' id='line_1_28' title="bbox 394 2091 1677 2138; baseline -0.002 -10"><span class='ocrx_word' id='word_1_164' title='bbox 394 2093 496 2128; x_wconf 88' lang='lat' dir='ltr'>Obiit</span> <span class='ocrx_word' id='word_1_165' title='bbox 514 2103 608 2127; x_wconf 91' lang='lat' dir='ltr'>anno</span> <span class='ocrx_word' id='word_1_166' title='bbox 627 2100 721 2126; x_wconf 86' lang='lat' dir='ltr'>MCC.</span> <span class='ocrx_word' id='word_1_167' title='bbox 774 2092 925 2126; x_wconf 91' lang='lat' dir='ltr'>Arnold.</span> <span class='ocrx_word' id='word_1_168' title='bbox 945 2091 1065 2126; x_wconf 91' lang='lat' dir='ltr'>Uvion</span> <span class='ocrx_word' id='word_1_169' title='bbox 1082 2092 1143 2126; x_wconf 88' lang='lat' dir='ltr'>lib.</span> <span class='ocrx_word' id='word_1_170' title='bbox 1163 2100 1188 2125; x_wconf 93' lang='lat'>1.</span> <span class='ocrx_word' id='word_1_171' title='bbox 1208 2091 1289 2138; x_wconf 87' lang='lat' dir='ltr'>Lig.</span> <span class='ocrx_word' id='word_1_172' title='bbox 1307 2091 1414 2126; x_wconf 83' lang='lat' dir='ltr'>Vitae</span> <span class='ocrx_word' id='word_1_173' title='bbox 1431 2103 1512 2138; x_wconf 87' lang='lat' dir='ltr'>pag.</span> <span class='ocrx_word' id='word_1_174' title='bbox 1530 2100 1677 2126; x_wconf 78' lang='lat' dir='ltr'>XLVIII.</span> 
     </span>
    </p>
   </div>
   <div class='ocr_carea' id='block_1_10' title="bbox 719 2205 1369 2242">
    <p class='ocr_par' dir='ltr' id='par_1_16' title="bbox 719 2205 1369 2242">
     <span class='ocr_line' id='line_1_29' title="bbox 719 2205 1369 2242; baseline 0 -2"><span class='ocrx_word' id='word_1_175' title='bbox 719 2206 882 2242; x_wconf 93' lang='lat' dir='ltr'>DAVID</span> <span class='ocrx_word' id='word_1_176' title='bbox 908 2205 1234 2241; x_wconf 88' lang='lat' dir='ltr'>GUTHRAEUS.</span> <span class='ocrx_word' id='word_1_177' title='bbox 1287 2205 1369 2240; x_wconf 88' lang='lat'>618.</span> 
     </span>
    </p>
   </div>
   <div class='ocr_carea' id='block_1_11' title="bbox 347 2320 1733 2474">
    <p class='ocr_par' dir='ltr' id='par_1_17' title="bbox 347 2320 1733 2474">
     <span class='ocr_line' id='line_1_30' title="bbox 351 2320 1733 2371; baseline -0.002 -12"><span class='ocrx_word' id='word_1_178' title='bbox 351 2325 490 2359; x_wconf 79' lang='lat' dir='ltr'>DAle</span> <span class='ocrx_word' id='word_1_179' title='bbox 505 2323 722 2362; x_wconf 84' lang='lat' dir='ltr'>Guthraeus,</span> <span class='ocrx_word' id='word_1_180' title='bbox 740 2321 874 2368; x_wconf 88' lang='lat' dir='ltr'>insigni</span> <span class='ocrx_word' id='word_1_181' title='bbox 892 2322 948 2356; x_wconf 89' lang='lat' dir='ltr'>vir</span> <span class='ocrx_word' id='word_1_182' title='bbox 961 2322 1132 2361; x_wconf 90' lang='lat' dir='ltr'>doctrina,</span> <span class='ocrx_word' id='word_1_183' title='bbox 1151 2320 1314 2371; x_wconf 87' lang='lat' dir='ltr'>Caesarei</span> <span class='ocrx_word' id='word_1_184' title='bbox 1331 2321 1572 2367; x_wconf 85' lang='lat' dir='ltr'>pontificiique</span> <span class='ocrx_word' id='word_1_185' title='bbox 1585 2322 1679 2368; x_wconf 87' lang='lat' dir='ltr'>juris</span> <span class='ocrx_word' id='word_1_186' title='bbox 1697 2323 1733 2356; x_wconf 91' lang='lat' dir='ltr'>in</span> 
     </span>
     <span class='ocr_line' id='line_1_31' title="bbox 347 2378 1343 2424; baseline -0.005 -5"><span class='ocrx_word' id='word_1_187' title='bbox 347 2387 513 2418; x_wconf 89' lang='lat' dir='ltr'>nascente</span> <span class='ocrx_word' id='word_1_188' title='bbox 532 2380 712 2416; x_wconf 89' lang='lat' dir='ltr'>academia</span> <span class='ocrx_word' id='word_1_189' title='bbox 728 2378 976 2414; x_wconf 90' lang='lat' dir='ltr'>Aberdonensi</span> <span class='ocrx_word' id='word_1_190' title='bbox 994 2378 1181 2424; x_wconf 88' lang='lat' dir='ltr'>professor,</span> <span class='ocrx_word' id='word_1_191' title='bbox 1200 2379 1343 2424; x_wconf 89' lang='lat' dir='ltr'>reliquit</span> 
     </span>
     <span class='ocr_line' id='line_1_32' title="bbox 495 2433 1290 2474; baseline -0.006 1"><span class='ocrx_word' id='word_1_192' title='bbox 495 2439 666 2474; x_wconf 88' lang='lat' dir='ltr'>Lecturas</span> <span class='ocrx_word' id='word_1_193' title='bbox 684 2438 722 2471; x_wconf 93' lang='lat' dir='ltr'>in</span> <span class='ocrx_word' id='word_1_194' title='bbox 738 2436 762 2470; x_wconf 87' lang='lat' dir='ltr'>J</span> <span class='ocrx_word' id='word_1_195' title='bbox 764 2448 805 2472; x_wconf 93' lang='lat' dir='ltr'>us</span> <span class='ocrx_word' id='word_1_196' title='bbox 824 2436 1052 2472; x_wconf 87' lang='lat' dir='ltr'>Pontificium</span> <span class='ocrx_word' id='word_1_197' title='bbox 1184 2436 1245 2471; x_wconf 91' lang='lat' dir='ltr'>lib.</span> <span class='ocrx_word' id='word_1_198' title='bbox 1266 2433 1290 2470; x_wconf 54' lang='lat'>1‘.</span> 
     </span>
    </p>
   </div>
  </div>
 </body>
</html>
