2032 2912
347 320 411 354 291)
733 313 967 346 HISTORIA
991 311 1366 345 ECCLESIASTICA

399 414 554 449 Vivebat
571 423 665 446 anno
685 418 879 444 MCCCCIX.
931 408 1026 444 Acta
1046 409 1202 443 nationis
1227 407 1460 442 Germanicae
1483 408 1528 441 ad
1552 407 1634 442 DD.
1660 408 1746 443 Cos-
1811 438 1814 442 .

348 484 427 507 mae
444 477 479 506 et
497 470 677 504 Damiani.

736 583 889 619 ELIAS
915 583 1215 619 FORBASSUS.
1269 587 1354 623 529.

348 704 478 738 ELIAS
505 703 716 744 Forbassus‚
743 703 800 737 vir
826 702 966 743 nobilis,
994 702 1057 736 diu
1086 702 1124 736 in
1155 701 1369 742 Germaniis,
1401 701 1517 742 Italia,
1550 700 1747 747 Galliisque

349 762 478 797 studiis
507 762 605 797 dedit
635 772 790 807 operam,
821 766 857 795 et
887 771 968 795 cum
999 760 1093 795 Pisis
1122 761 1327 795 doctoratus
1357 762 1493 806 apicem
1520 762 1746 806 percepisset,

351 822 388 854 in
427 820 583 855 Scotiam
619 820 736 860 rediit,
772 831 843 864 quo
878 823 1036 863 tempore
1071 817 1272 852 Gulielmus
1303 818 1546 859 Turnebulus,
1577 819 1747 863 archiepi-

350 890 477 923 scopus
496 878 731 918 Glascoensis,
757 889 779 911 a
802 876 951 911 Nicolao
973 875 1017 910 V.
1040 877 1102 922 jus
1129 876 1329 910 academiae
1354 876 1581 920 impetrabat,
1607 877 1749 922 collegi-

346 949 479 982 umque
509 937 659 982 pecunia
689 947 755 970 sua
780 934 1010 981 magnificum
1040 934 1223 980 erigebat3
1255 938 1363 978 atque
1393 934 1452 968 hic
1480 934 1626 979 quidem
1652 934 1748 968 illius

347 995 547 1030 academiae
564 994 703 1039 primus
727 994 766 1027 in
789 993 1016 1038 philosophia
1039 993 1159 1032 lector,
1187 992 1225 1025 in
1251 1003 1322 1036 quo
1348 1003 1496 1026 munere
1522 1003 1603 1026 cum
1629 992 1749 1025 decem

346 1063 457 1087 annos
489 1052 714 1097 explevisset,
746 1057 782 1086 et
810 1062 882 1085 non
910 1051 978 1084 sibi
1006 1050 1122 1090 mod0‚
1152 1061 1277 1084 verum
1304 1049 1412 1084 etiam
1440 1050 1607 1084 omnibus
1633 1050 1749 1083 erudi-

345 1112 391 1145 tis
411 1110 652 1150 satisfecisset,
677 1110 839 1144 ordinem
864 1109 900 1143 S.
920 1109 1102 1143 Francisci
1127 1109 1322 1155 ingressus,
1346 1109 1385 1142 in
1409 1108 1502 1143 bona
1526 1112 1666 1142 senecta
1690 1108 1748 1141 de-

347 1169 462 1203 cessit.
516 1168 666 1213 Scripsit

494 1226 668 1261 Lecturas
687 1226 959 1271 Philosophicas
1243 1225 1304 1259 lib.
1325 1234 1351 1259 1.

496 1284 688 1319 Orationes
705 1284 937 1319 Academicas
1240 1284 1302 1318 lib.
1323 1292 1348 1317 Ι.

495 1341 611 1387 Super
628 1341 863 1377 Aristotelem
1241 1342 1303 1376 lib.
1325 1351 1350 1375 Ι.

398 1400 556 1435 Docebat
574 1400 743 1435 Glascoae
762 1411 856 1435 anno
877 1409 1080 1435 MCCCCLV.

805 1517 841 1551 S.
870 1516 1152 1553 FASTIDIUS.
1205 1520 1289 1552 530.

348 1635 383 1669 S.
404 1634 629 1669 FASTIDIUS
647 1634 898 1678 antiquissima
915 1634 1088 1668 memoria
1106 1634 1333 1668 doctissimus
1351 1633 1560 1675 habebatur,
1579 1647 1597 1669 e
1621 1638 1751 1671 monti-

348 1693 413 1726 bus
431 1692 570 1727 Scotiae
589 1692 841 1731 Occidentalis,
868 1702 939 1736 qua
956 1696 1058 1736 parte
1085 1691 1301 1726 Hiberniam
1322 1692 1541 1737 despectant,
1564 1694 1749 1729 oriundus.

348 1755 369 1769 “
384 1750 621 1785 Britanorum
640 1750 859 1794 episeopus,”
877 1750 927 1784 ait
947 1749 1132 1785 Honorius
1150 1749 1493 1797 Augustodunensis
1506 1751 1599 1787 libro
1616 1753 1660 1787 de
1678 1753 1752 1787 Lu-

347 1809 433 1842 min.
453 1807 660 1843 Ecclesiast.
681 1812 716 1842 et
735 1807 913 1842 Trithem.
939 1809 982 1842 de
1007 1807 1136 1854 Script.
1161 1808 1297 1843 Eccles.
1325 1820 1407 1856 pag.
1428 1818 1579 1845 ccxxv.
1634 1811 1751 1856 Scrip-

348 1871 453 1908 serat,
474 1872 515 1901 ut
533 1867 571 1901 in
590 1866 753 1901 Indiculo
771 1866 956 1911 cujusdam
976 1867 1070 1901 docti
1089 1872 1125 1902 et
1142 1867 1280 1912 patriae
1297 1868 1449 1902 studiosi
1467 1868 1632 1909 habetur,

497 1925 701 1959 Chronicon
719 1924 906 1958 Scotorum
1241 1925 1302 1959 lib.
1323 1935 1349 1959 1.

496 1982 551 2017 De
569 1982 657 2017 Vita
674 1982 881 2016 Christiana
1246 1983 1307 2018 lib.
1328 1992 1353 2017 Ι.
1407 1982 1468 2018 Ad
1486 1984 1659 2020 Fotalem.

499 2040 554 2075 De
575 2040 759 2075 Viduitate
777 2041 953 2075 servanda
1243 2042 1305 2077 lib.
1326 2050 1351 2075 1.
1404 2041 1519 2077 Iidem
1546 2045 1607 2089 qui
1643 2056 1750 2090 supra

546 2103 720 2139 auctores,
740 2098 810 2132 nisi
829 2099 925 2144 quod
943 2098 1165 2135 Trithemius
1184 2100 1291 2134 habet

499 2156 554 2191 De
572 2157 746 2191 Doctrina
763 2156 969 2193 Christiana
1243 2158 1304 2193 lib.
1325 2168 1351 2193 1.
1403 2158 1490 2200 Alii,

500 2215 554 2250 De
573 2215 661 2249 Fide
681 2214 887 2250 Christiana
1244 2216 1305 2251 lib.
1326 2226 1350 2251 Ι.

402 2272 557 2307 Vivebat
575 2284 668 2308 anno
688 2282 859 2308 ccccxx„
