2032 2912
332 299 394 330 194
713 294 944 327 HISTORIA
969 294 1341 327 ECCLESIASTICA

331 392 500 430 rentibus,
528 393 807 433 componeretur.
859 388 974 422 Duaci
1003 394 1125 433 postea
1155 394 1190 423 et
1216 390 1368 423 doctoris
1396 394 1431 423 et
1456 391 1601 424 rectoris
1628 402 1716 424 onus

330 448 509 486 sustinuit,
535 446 596 480 ubi
618 456 679 479 seu
703 446 854 479 tutelare
878 457 1009 480 numen
1027 447 1223 480 etiamnum
1241 447 1459 486 celebratur3
1487 447 1531 480 ad
1549 448 1716 481 ultimum

331 504 517 538 Nerviensi
564 502 726 536 ecclesiae
775 502 879 536 hodie
920 504 1225 547 poenitentiarius,
1269 505 1429 550 ingentes
1473 509 1507 538 et
1551 505 1716 549 opinione

328 562 479 606 majores
498 571 622 594 census
640 559 795 604 reliquit,
816 571 904 604 quos
922 565 1134 594 testamento
1154 561 1339 595 Scotorum
1358 561 1525 596 Lutetiae
1543 564 1605 595 vix
1630 562 1716 595 bene

328 618 476 651 fundato
494 617 693 663 assignavit
716 616 884 663 Collegio,
909 618 970 651 sed
996 617 1120 651 fraude
1144 630 1206 662 per
1232 624 1434 653 executores
1458 619 1563 659 facta,
1589 630 1716 663 parum

326 675 385 718 pio
402 674 482 709 usui
501 675 656 708 accessit.
701 673 772 708 Hic
790 675 897 708 etiam
910 675 1138 720 juventutem
1160 676 1319 710 Thomae
1337 676 1540 721 Dempsteri
1558 677 1716 711 honestis

326 731 470 766 monitis
510 732 555 765 ad
595 732 766 765 virtutem
810 733 1057 776 capessendam
1101 734 1268 774 accendit,
1312 739 1435 768 auctor
1478 738 1520 767 ut
1562 735 1717 768 triennio

326 789 439 824 Duaci
473 789 681 824 subsisteret
714 801 794 823 cum
824 790 977 835 juvenili
1019 791 1156 834 impetu
1200 790 1355 825 Parisios
1398 791 1580 836 cogitaret.
1649 791 1716 825 Vir

327 851 402 880 erat
419 858 550 892 magna
571 847 759 890 probitate,
783 851 818 881 et
839 847 999 892 jucunda
1025 858 1175 887 morum,
1203 859 1312 891 supra
1337 859 1445 892 quam
1471 848 1565 881 credi
1592 850 1714 892 possit,

327 900 525 945 suavitate3
557 915 731 948 nusquam
764 904 930 944 liberalis,
963 905 1032 938 nisi
1062 915 1141 938 cum
1176 906 1236 949 pia
1265 905 1424 939 subesset
1456 916 1571 939 causa.
1624 905 1716 950 Ejus

330 967 433 996 sunt:

475 1020 663 1054 Orationes
681 1019 867 1054 Rectoriae
995 1034 997 1036 ·
1147 1029 1207 1053 111.
1240 1020 1354 1054 Duaci
1371 1021 1590 1064 prodierunt.

474 1076 700 1122 Geographia
717 1076 886 1110 Universi
1063 1077 1123 1111 lib.
1144 1087 1197 1111 1V.
1242 1077 1346 1111 Hanc
1370 1089 1441 1111 non
1465 1078 1549 1118 vidi,
1574 1084 1616 1112 ut
1638 1079 1716 1112 reli-

521 1146 602 1179 qua,
621 1134 682 1168 sed
701 1145 804 1178 saepe
821 1145 843 1168 a
859 1134 1113 1168 recentioribus
1131 1135 1272 1175 citatur,
1296 1136 1504 1179 praesertim
1522 1147 1543 1169 a
1563 1135 1717 1169 Purcha-

522 1193 585 1232 sio,
604 1191 764 1238 Magino‚
782 1197 817 1226 et
834 1192 924 1226 aliis.

472 1250 527 1285 De
545 1250 730 1284 Laudibus
748 1250 999 1294 Philosophiae
1264 1250 1325 1284 lib.
1347 1259 1371 1284 1.

472 1307 641 1352 Analysis
659 1308 697 1341 in
715 1306 922 1342 Aristotelis
940 1307 1110 1353 Logicam
1266 1308 1326 1342 lib.
1348 1316 1372 1341 Ι.

470 1364 640 1410 Analysis
657 1365 696 1398 in
712 1363 918 1399 Aristotelis
937 1364 1126 1410 Physicam
1265 1365 1325 1399 lib.
1346 1375 1371 1399 1.

473 1421 643 1467 Analysis
662 1422 700 1456 in
718 1421 926 1457 Aristotelis
944 1422 1113 1456 Ethicam
1267 1423 1327 1457 lib.
1349 1433 1374 1456 1.

473 1479 642 1524 Analysis
661 1480 699 1512 in
716 1479 921 1514 Aristotelis
941 1479 1222 1524 Metaphysicam
1265 1481 1325 1515 lib.
1348 1490 1371 1514 ῐ.
1397 1481 1486 1515 Tres
1497 1481 1632 1525 priores
1645 1483 1715 1528 legi

523 1537 671 1571 Parisiis
689 1547 858 1577 excusas;
878 1549 922 1571 an
941 1541 1069 1582 quarta
1086 1538 1268 1582 prodierit,
1283 1538 1457 1572 affirmare
1475 1539 1571 1572 haud
1589 1539 1714 1578 ausim,

521 1595 596 1638 ipse
614 1599 706 1629 certe
723 1595 898 1639 promisit.

472 1651 656 1696 Epistolae
1261 1653 1320 1687 lib.
1344 1662 1367 1686 1.

375 1710 475 1744 Obiit
494 1708 648 1743 Tornaci
665 1709 703 1743 in
721 1708 866 1743 Nerviis
885 1721 977 1743 anno
997 1719 1130 1743 MDCII.

722 1823 885 1858 DAVID
911 1824 1176 1859 CHALMER.
1230 1829 1313 1860 351.

327 1941 464 1974 DAVID
492 1939 668 1980 Chalmer,
700 1941 774 1974 sive
801 1939 1036 1980 Camerarius,
1063 1941 1339 1982 Aberdonensis,
1371 1943 1410 1976 in
1436 1942 1561 1977 Galliis
1588 1944 1712 1977 celebri

327 1999 516 2032 admodum
550 1997 693 2031 nomine
727 1998 829 2037 vixit,
865 1998 921 2031 vir
954 1999 1087 2032 multae
1117 2003 1152 2032 et
1185 1999 1304 2033 variae
1345 2000 1516 2041 lectionis,
1561 2012 1624 2035 nec
1662 2002 1713 2034 in-

328 2056 463 2089 amoeni
482 2055 627 2102 ingenii.
679 2054 828 2099 Scripsit
846 2054 980 2089 Gallico
998 2056 1165 2091 idiomate
1183 2057 1303 2098 varia3
1332 2063 1367 2092 et
1384 2059 1420 2092 in
1440 2059 1495 2092 his
1514 2063 1566 2093 est

473 2112 640 2157 Epitome
672 2112 893 2154 Pontificum,
924 2112 1195 2158 Imperatorum,
1223 2114 1375 2161 Regum,
1400 2116 1605 2161 Rerumque
1638 2121 1712 2150 toto

523 2171 619 2204 Orbe
635 2175 828 2216 gestarum,
1261 2172 1321 2206 lib.
1342 2182 1366 2206 1.

473 2227 607 2262 Rerum
626 2227 843 2262 Scoticarum
862 2227 1032 2272 Synopsis
1259 2230 1321 2265 lib.
1343 2241 1367 2264 1.

381 2283 480 2318 Vixit
494 2296 586 2318 anno
602 2294 800 2319 MDLXXII.
836 2285 978 2319 Laudat
992 2286 1192 2321 Richardus
1206 2287 1314 2322 Vitus
1333 2289 1392 2323 lib.
1411 2298 1435 2322 1.
1455 2289 1551 2323 Hist.
1571 2289 1709 2323 Britan.

330 2347 414 2374 nota
432 2350 584 2375 xxxm.
604 2343 663 2376 lib.
685 2351 737 2376 1v.
756 2347 841 2377 nota
860 2352 884 2376 1.
903 2343 963 2377 lib.
983 2353 1037 2378 VI.
1057 2349 1141 2378 nota
1159 2354 1293 2379 xxvn.
