2032 2912
679 342 855 377 GENTIS
880 335 1157 375 SCOTORUM,
1181 333 1270 367 LIB.
1291 332 1337 365 11.
1681 326 1723 357 '73

616 438 700 474 Quin
713 446 743 466 se
756 434 869 472 relligio
880 433 1007 462 multum
1021 430 1126 459 debere
1140 426 1289 456 Britannis

620 485 750 516 Servata,
764 487 794 511 et
807 481 866 509 late
880 478 989 508 mundo
1002 477 1130 514 dispersa
1143 475 1263 503 fatetur.

618 531 694 567 Quis
706 538 819 562 nomen,
833 524 987 558 Wiufride,
1002 529 1096 556 tuum,
1111 521 1176 560 quis
1189 529 1310 549 munera
1323 517 1435 548 nescit?

619 577 667 606 Te
680 577 763 609 duce,
779 572 933 603 Germanis
945 571 1040 610 pietas
1053 578 1160 602 severa,
1175 567 1303 605 fidesque

620 623 774 652 Insinuans
788 619 882 658 coepit
895 618 969 647 ritus
982 615 1095 646 abolere
1108 614 1250 653 profanos.

370 725 467 759 Haec
484 733 568 758 vero
586 720 764 755 habentur
780 718 913 762 scripta
930 715 975 750 ab
992 724 1054 749 eo:

465 779 600 814 Contra
627 777 835 812 Haereticos
858 774 919 809 lib.
945 782 971 808 1.
996 771 1076 806 MS.
1100 769 1247 805 Fuldae.
1299 766 1421 803 Uvion
1444 766 1503 802 lib.
1524 774 1584 800 111.
1604 765 1710 812 Ligu.

513 835 621 871 Vitae
637 846 720 881 pag.
740 839 1008 868 Dcnxxxvm.

465 894 537 928 Pro
555 892 678 927 Rebus
695 890 875 926 Ecclesiae
1312 884 1374 919 lib.
1394 893 1419 918 1.

464 950 520 985 De
538 950 640 984 Fidei
658 948 807 983 Unitate
1310 942 1371 976 lib.
1393 951 1418 976 1.

469 1006 641 1042 Instituta
658 1005 851 1051 synodalia
1309 999 1371 1034 lib.
1392 1008 1417 1033 1.

466 1064 522 1099 De
540 1064 614 1099 suis
632 1064 671 1097 in
688 1061 882 1097 Germania
897 1060 1098 1096 Laboribus
1309 1057 1371 1093 lib.
1391 1067 1417 1092 1.

466 1121 522 1155 De
539 1133 605 1156 sua
622 1121 721 1160 Fide,
739 1119 922 1159 Doctrina,
940 1123 976 1152 et
994 1117 1192 1163 Religione,
1314 1115 1376 1150 lib.
1396 1123 1420 1149 Ι.

466 1178 522 1212 De
539 1177 745 1213 Virtutibus
762 1181 798 1210 et
814 1175 935 1215 Vitiis,
953 1175 1120 1214 carmine,
1314 1173 1375 1207 lib.
1396 1181 1420 1206 1.

469 1235 557 1270 Vita
573 1234 799 1279 quorundam
817 1232 1029 1267 Sanctorum
1313 1231 1373 1265 lib.
1395 1239 1420 1264 1.

467 1291 717 1336 Epistolarum
734 1290 780 1324 ad
798 1289 958 1323 diversos
1315 1288 1376 1322 lib.
1397 1297 1421 1321 1.

470 1347 658 1382 Sermones
676 1347 814 1391 aliquot
1315 1344 1376 1379 lib.
1397 1354 1421 1379 1.

369 1407 493 1441 Vitam
511 1406 588 1452 ejus
607 1405 778 1449 scripsere
792 1404 828 1438 S.
843 1403 1084 1443 Willibaldus,
1102 1408 1138 1437 et
1156 1403 1231 1448 ipse
1249 1402 1388 1442 Samus,
1405 1413 1520 1447 nuper
1533 1402 1625 1438 bono
1644 1404 1721 1438 lite-

321 1475 441 1499 rarum
466 1463 511 1498 ab
536 1462 694 1497 Hem-ico
717 1461 862 1496 Canisio
886 1460 1099 1505 publicatus,
1124 1464 1159 1494 et
1183 1459 1362 1494 Othlonus
1387 1460 1576 1495 Fuldensis
1599 1472 1719 1496 mona-

320 1522 418 1562 chus,
436 1527 472 1556 et
494 1519 651 1555 Vicelius
669 1519 707 1553 in
726 1518 953 1565 Hagiologia,
973 1517 1185 1552 Ruthardus
1204 1517 1344 1552 Rabani
1370 1517 1576 1563 discipulus,
1603 1529 1719 1553 versu.

323 1578 537 1623 Epistolaris
557 1577 721 1611 Historia
737 1577 780 1610 de
798 1576 957 1622 ejusdem
975 1575 1063 1610 actis
1081 1575 1176 1620 apud
1193 1574 1340 1610 Surium
1357 1580 1444 1610 tom.
1466 1585 1526 1610 111.

372 1635 498 1680 Neque
516 1639 636 1669 tamen
653 1639 716 1668 aut
735 1634 810 1668 dies
828 1637 891 1667 aut
908 1643 1023 1667 annus
1041 1633 1205 1678 martyrii
1224 1633 1301 1678 ejus
1319 1638 1459 1674 certus;
1487 1645 1570 1668 nam
1588 1639 1723 1679 marty-

324 1692 451 1738 rologii
478 1693 678 1736 scriptores,
705 1691 815 1731 Beda,
842 1690 1042 1730 Usuardus,
1066 1689 1148 1740 Ado
1171 1690 1396 1730 Viennensis,
1421 1695 1457 1725 et
1479 1691 1539 1725 alii
1566 1700 1604 1725 V.
1622 1691 1723 1726 Junii

325 1750 532 1783 memoriam
568 1749 646 1794 ejus
681 1749 854 1788 recolunt,
891 1758 1090 1791 anonymus
1126 1752 1246 1781 tamen
1282 1753 1407 1782 auctor
1434 1747 1632 1783 Annalium
1663 1760 1725 1783 seu

328 1806 518 1840 Gestorum
536 1805 757 1840 Francorum
783 1805 823 1838 in
850 1813 903 1838 1v.
929 1805 1023 1838 diem
1047 1804 1209 1838 retrahit.
1262 1804 1320 1839 Ita
1345 1805 1440 1838 enim
1466 1806 1546 1839 ille:
1573 1810 1595 1825 “
1616 1805 1725 1840 Anno

329 1871 493 1896 DCCLIV.
523 1862 731 1896 Bonifacius
766 1861 1048 1906 archiepiscopus
1085 1861 1373 1908 Moguntinensis
1409 1862 1583 1902 ecclesiae,
1619 1874 1726 1897 evan·-

328 1921 484 1965 gelizans
503 1920 602 1966 genti
621 1919 820 1953 Fresonum
847 1919 995 1953 verbum
1022 1919 1101 1959 Dei,
1125 1919 1299 1963 martyrio
1323 1924 1514 1953 coronatur
1539 1931 1632 1954 anno
1655 1921 1728 1965 epi-

327 1982 492 2021 scopatus
506 1978 562 2011 sui
577 1985 726 2011 xxxvl.
741 1976 799 2010 die
813 1985 867 2010 IV.
882 1976 1013 2010 mensis
1026 1975 1051 2009 J
1053 1976 1161 2010 unii.’'
1200 1976 1244 2010 In
1262 1987 1355 2011 anno
1373 1977 1430 2011 hic
1445 1988 1524 2011 cum
1541 1977 1727 2023 Sigeberto

328 2046 437 2079 supra
454 2035 598 2068 laudato
616 2034 793 2074 convenit,
812 2034 873 2068 sed
890 2034 928 2068 in
945 2034 1002 2068 die
1019 2034 1207 2079 discrepat.

379 2091 431 2125 At
456 2103 550 2126 anno
581 2100 728 2126 DCCLV.
762 2091 863 2125 illum
894 2092 1067 2136 martyrio
1097 2091 1263 2126 affectum
1292 2092 1473 2126 contendit
1505 2091 1728 2127 Trithemius

330 2150 389 2183 lib.
420 2157 461 2182 11.
489 2150 532 2183 de
558 2149 725 2184 illustrib.
752 2148 830 2183 Vir.
856 2148 983 2183 Ordin.
1009 2149 1044 2183 S.
1070 2148 1255 2183 Benedicti
1279 2160 1354 2193 cap.
1381 2159 1498 2184 xxiv.
1542 2149 1727 2185 Com-acius

330 2211 423 2240 certe
457 2205 646 2246 Gesnerus,
682 2210 718 2240 et
751 2206 829 2252 ejus
863 2207 1090 2251 epitomastes
1124 2206 1242 2241 Josias
1281 2206 1464 2248 Simlerus,
1504 2207 1621 2242 nescio
1658 2219 1730 2253 quo

330 2268 484 2303 auctore,
511 2264 643 2298 vixisse
669 2264 796 2298 volunt
821 2264 865 2298 ad
890 2275 1024 2298 annum
1051 2272 1231 2298 Dccnvn.
1255 2264 1457 2305 manifesto,
1487 2270 1528 2299 ut
1554 2270 1654 2309 puto,
1680 2277 1733 2300 er-

330 2332 420 2354 rore.
472 2320 582 2356 Anno
601 2329 847 2356 DceLxxxn.
866 2332 1010 2366 passum
1029 2323 1108 2356 vult
1128 2321 1314 2357 Cornelius
1335 2322 1510 2367 Kempius
1533 2333 1640 2367 supra
1660 2323 1734 2358 lau-

333 2377 448 2412 datus.

1020 2445 1044 2469 L
