2032 2912
343 302 407 331 :3530
727 300 960 332 HISTORIA
986 299 1364 333 ECCLESIASTICA

493 395 698 441 Singularia
716 407 760 430 ex
778 395 867 430 Jure
886 394 1061 430 Caesareo
1336 395 1396 430 lib.
1419 404 1445 428 Ι.

394 454 562 489 Florebat
581 465 675 487 anno
696 462 833 488 Mnxx.
853 452 1008 487 Boethio
1026 454 1196 498 aequalis.

690 569 925 603 JOANNES
952 568 1250 604 GRYSONIUS.
1304 567 1387 608 619.

342 686 535 720 JOANNES
567 686 780 731 Grysonius,
811 685 1041 720 Dominicani
1071 686 1230 720 instituti
1262 686 1389 726 socius,
1425 687 1463 720 in
1497 685 1745 721 Aberdonensi

342 745 522 779 academia
540 746 760 790 praeclarum
781 755 910 779 nomen
929 756 949 778 a
977 744 1078 778 bonis
1104 743 1242 778 artibus
1268 744 1411 784 meruit,
1440 744 1593 791 triginta
1618 745 1745 778 deinde

345 807 438 837 totos
457 814 569 837 annos
587 803 724 837 ordinis
743 803 799 837 sui
817 802 1058 847 provincialis.
1111 801 1263 846 Scripsit

488 861 543 895 De
575 861 726 895 Miseria
761 861 985 906 Religionem
1022 860 1243 894 Catholicam
1280 860 1318 893 in
1348 859 1468 895 Scotia
1498 860 1742 906 profitentium

538 920 599 954 lib.
621 928 646 953 1.

487 978 542 1011 De
561 977 656 1011 Casu
677 977 825 1011 Ordinis
844 977 912 1017 sui,
931 981 966 1010 et
985 976 1215 1020 Paupertate,
1266 975 1328 1010 lib.
1349 985 1374 1010 1.
1419 975 1564 1011 Literae
1582 981 1667 1011 sunt
1686 987 1744 1021 pe-

537 1046 598 1069 nes
617 1035 663 1069 R.
684 1035 726 1069 P.
746 1035 914 1069 Plodium
937 1034 1213 1074 Bononiensem,
1241 1038 1277 1068 et
1303 1038 1428 1068 extant
1454 1034 1493 1069 in
1520 1034 1673 1069 historia
1698 1035 1743 1069 ab

390 1135 397 1143 .
536 1105 576 1127 eo
595 1094 738 1138 scripta.

390 1152 557 1186 Pervenit
585 1162 698 1196 usque
724 1152 769 1186 ad
796 1162 932 1185 annum
961 1159 1143 1184 MDLXIV.
1197 1150 1368 1185 Meminit
1399 1150 1536 1186 Hector
1567 1151 1743 1186 Boethius

336 1211 373 1243 in
392 1210 467 1244 vita
485 1209 654 1243 Gulielmi
673 1209 909 1254 Elphinstoni
927 1209 988 1242 lib.
1008 1209 1051 1242 de
1069 1208 1261 1254 Episcopis
1280 1207 1610 1244 Aberdonensibus.

852 1309 895 1342 B.
924 1307 1097 1343 GUIDO.
1151 1307 1234 1342 620.

336 1385 379 1418 Β.
410 1385 558 1425 GU11)0‚
586 1386 622 1419 S.
651 1384 836 1418 Benedicti
865 1383 1071 1423 monachus,
1100 1395 1118 1416 e
1144 1384 1421 1430 congregatione
1449 1383 1664 1425 Turonens1,
1698 1385 1741 1418 de

335 1455 406 1487 qua
424 1445 538 1477 multa
557 1444 593 1477 in
613 1443 806 1487 Apparatu
824 1443 869 1475 ad
890 1441 1091 1475 Historiam
1110 1440 1298 1482 Senticam,
1326 1442 1383 1475 vir
1409 1441 1480 1476 fuit
1498 1442 1595 1475 illius
1614 1444 1740 1478 aetatis

334 1502 585 1546 dignissinius3
605 1502 648 1534 de
660 1512 731 1545 quo
744 1499 942 1533 audiendus
955 1503 1079 1532 auctor
1090 1498 1347 1534 Scotichronici
1361 1499 1422 1533 lib.
1441 1508 1498 1533 IX.
1514 1511 1589 1544 cap.
1604 1510 1738 1536 XXVII.

337 1563 358 1578 ‘⁶
377 1558 506 1598 Guido,
525 1560 662 1603 primus
682 1558 789 1592 abbas
808 1558 851 1591 de
869 1556 1059 1595 Londoris,
1083 1568 1164 1590 cum
1183 1557 1302 1601 ipsum
1320 1559 1438 1591 locum
1456 1569 1478 1591 a
1495 1557 1740 1594 fundamentis

334 1617 563 1657 extruxisset,
590 1622 626 1650 et
655 1616 810 1650 officinas
837 1626 969 1660 magna
995 1626 1039 1648 ex
1065 1619 1166 1659 parte
1193 1615 1410 1659 perfecisset,
1437 1620 1473 1649 et
1499 1615 1572 1649 fere
1598 1627 1663 1661 per
1689 1617 1742 1651 vi-

333 1675 426 1721 ginti
448 1681 526 1709 octo
545 1686 656 1709 annos
675 1673 933 1707 monasterium
959 1677 1103 1706 strenue
1126 1674 1288 1713 rexisset,
1313 1673 1505 1708 monachos
1531 1675 1740 1719 superstites

333 1735 536 1778 relinquens
556 1733 689 1771 ordine,
716 1737 751 1765 et
777 1731 949 1777 religione
975 1732 1133 1775 plenarie
1154 1731 1379 1771 informatos,
1403 1743 1526 1766 omnes
1547 1731 1676 1767 fratres
1696 1734 1739 1768 de

333 1792 505 1825 charitate
524 1796 651 1833 mutua
669 1791 875 1830 exhortam,
896 1793 932 1823 et
950 1801 971 1823 a
991 1790 1337 1836 transgressionibus
1356 1790 1555 1832 absolvens,
1579 1795 1615 1825 et
1633 1792 1678 1826 ab
1695 1793 1739 1827 iis

333 1851 516 1884 absolutus
535 1855 570 1884 et
589 1850 780 1887 osculatus,
800 1848 894 1882 inter
912 1848 1021 1882 verba
1038 1848 1284 1882 collocutionis
1303 1853 1412 1893 caput
1430 1849 1468 1882 in
1486 1860 1596 1883 manu
1614 1849 1738 1884 fratris

332 1908 399 1941 sibi
419 1908 609 1941 assidentis
629 1907 816 1946 reclinans,
836 1906 938 1951 quasi
958 1906 1149 1947 dormiens,
1164 1906 1271 1940 hilari
1287 1908 1391 1941 vultu
1410 1907 1549 1952 quievit
1563 1908 1598 1941 in
1614 1907 1738 1942 Domi-

333 1967 410 2000 no,''
464 1966 616 2010 Scripsit

480 2024 539 2057 Ad
567 2023 744 2058 Davidem
773 2024 1016 2058 Fundatorem
1153 2023 1214 2058 lib.
1236 2033 1260 2058 1.
1289 2023 1376 2057 Fuit
1402 2024 1460 2058 hic
1485 2030 1601 2059 comes
1631 2025 1736 2059 Hun—

531 2083 716 2122 tintoniae‚
730 2083 825 2128 regis
841 2082 1026 2116 Wilhelmi
1041 2080 1164 2122 frater,
1183 2082 1246 2126 qui
1261 2081 1352 2116 bello
1364 2081 1570 2116 Palaestino
1588 2082 1738 2118 feliciter

528 2140 687 2175 confecto
708 2142 820 2175 redux
840 2141 876 2174 in
901 2141 1067 2184 patriam,
1094 2141 1210 2174 locum
1235 2140 1334 2174 illum
1354 2139 1533 2174 fundavit.
1564 2141 1737 2176 Boethius

530 2199 589 2233 lib.
613 2209 704 2233 x111.

482 2256 763 2292 Exhortationes
782 2257 825 2291 ad
846 2256 1003 2291 Fratres.

380 2315 529 2349 Creatus
562 2315 670 2350 abbas
701 2327 795 2350 anno
829 2324 1036 2349 MCLXXVI.
1071 2315 1160 2354 obiit
1186 2327 1280 2349 anno
1309 2324 1486 2350 MCCXIX.
1519 2316 1576 2350 die
1602 2316 1637 2350 S.
1666 2317 1736 2351 Bo-

336 2373 465 2417 tulphi,
484 2372 772 2409 Scotichronicon
795 2375 871 2409 loco
894 2374 1063 2408 laudato:
1090 2385 1161 2418 quo
1187 2374 1244 2408 die
1271 2374 1415 2415 ecclesia
1442 2375 1502 2409 illa
1529 2375 1736 2409 memoriam

332 2431 466 2465 recolit.
