2032 2912
686 337 863 371 GENTlS
888 338 1167 378 SCOTORUM,
1193 340 1282 372 LIB.
1311 340 1347 372 V.
1647 342 1710 372 245

312 432 386 466 rico
403 432 616 476 imperatore
630 431 819 467 Fuldensis
834 433 941 468 abbas
956 433 1071 468 factus
1089 435 1182 470 circa
1199 447 1333 470 aunum
1353 444 1535 470 MCXVIII.
1584 436 1708 471 Munt-

311 501 415 524 zerus
434 489 566 524 Chron.
586 489 754 524 German.
807 490 1001 525 Browerus
1019 493 1079 526 lib.
1100 502 1153 526 IV.

748 604 783 639 S.
811 605 1133 642 EGEBERTUS.
1187 610 1270 642 448.

310 721 346 755 S.
381 720 637 755 EGEBERTUS
671 720 779 755 abbas
814 720 1004 756 Fuldensis
1039 724 1247 758 nominatur
1280 725 1318 758 in
1353 725 1457 760 rebus
1498 726 1706 761 Machabaei

309 779 403 825 regis
432 779 527 823 apud
554 778 730 812 Joannem
757 778 946 813 Leslaeum
970 781 1031 815 lib.
1055 790 1092 815 V.
1119 786 1140 801 “
1158 782 1331 816 Doctrina
1355 774 1395 817 et*
1414 785 1602 818 sanctitate
1626 796 1706 819 con-

309 836 454 882 spicuus
472 837 510 870 in
529 836 590 870 SS.
611 837 731 871 album
749 839 915 872 relatus.'’
959 838 1080 874 Uvion
1098 840 1159 874 lib.
1181 850 1241 874 111.
1259 852 1341 886 pag.
1362 849 1550 875 CCCCXIV.
1599 842 1706 876 Hunc

308 906 380 929 non
399 906 521 929 omnes
540 894 684 929 Scotum
709 895 869 937 faciunt;
898 896 936 930 in
954 897 1009 931 his
1030 902 1086 932 est
1112 898 1392 943 Christophorus
1420 899 1623 939 Browerus,
1650 901 1705 933 cui

308 951 415 997 Eppo
438 957 493 987 est
518 953 579 987 lib.
600 962 654 987 IV.
681 952 902 998 Antiquitat.
930 955 1164 990 Fuldensium
1190 968 1271 1002 pag.
1292 966 1446 991 CDXCII.
1499 956 1707 992 Hermanno

308 1010 501 1045 Contracto
519 1012 557 1045 in
577 1011 755 1046 Chronico
778 1013 823 1046 ad
845 1023 979 1047 annum
1000 1023 1121 1048 MLIX.
1149 1015 1241 1049 male
1265 1014 1471 1050 Eberardus
1497 1017 1705 1060 appellatur.

310 1069 432 1115 Hujus
451 1070 611 1116 regimen
628 1071 890 1105 nobilissimum
908 1071 990 1112 fuit,
1016 1073 1148 1117 quippe
1166 1074 1422 1107 monasterium
1447 1085 1552 1107 suum
1570 1085 1590 1107 a
1608 1074 1706 1120 regia

307 1132 484 1172 potestate
501 1129 547 1162 ad
563 1128 783 1173 pontificiam
801 1130 955 1169 reduxit,
973 1134 1015 1164 ut
1033 1130 1128 1163 idem
1151 1129 1365 1163 Contractus
1390 1130 1555 1165 observat
1578 1131 1622 1164 ad
1646 1142 1705 1164 an-

307 1197 395 1220 num
415 1195 540 1220 ML111.
579 1176 753 1221 ¹Meminit
770 1187 879 1233 hujus
898 1187 1078 1222 Othlonus
1097 1187 1286 1221 Fuldensis
1303 1187 1341 1220 in
1359 1187 1446 1222 Vita
1460 1188 1495 1222 S.
1516 1188 1704 1222 Bonifacii.

308 1243 514 1277 Marianum
537 1243 683 1278 Scotum
706 1256 725 1278 e
750 1244 1033 1280 Paderbornensi
1051 1245 1220 1280 coenobio
1246 1249 1373 1279 exusto
1400 1245 1553 1279 Fuldam
1579 1246 1703 1286 duxit3

308 1301 473 1336 interfuit
498 1302 636 1347 synodo
662 1302 911 1349 Moguntinae,
938 1308 974 1338 et
991 1308 1176 1348 praesente
1203 1302 1361 1337 Henrico
1387 1304 1600 1348 imperatore
1626 1315 1706 1337 cau-

307 1370 381 1393 sam
400 1359 504 1394 dixit.
557 1360 719 1404 Scripsit,
737 1365 779 1394 ut
797 1362 926 1405 accepi,

456 1417 630 1452 Lecturas
648 1418 687 1451 in
705 1417 830 1452 Sacras
849 1418 1052 1463 Scripturas
1252 1418 1313 1452 lib.
1334 1427 1358 1451 1.

455 1475 640 1520 Epistolas
657 1476 703 1510 ad
720 1475 879 1510 Leonem
897 1476 965 1511 IX.
983 1476 1121 1521 Papam
1251 1476 1312 1510 lib.
1334 1485 1358 1509 1.

455 1533 571 1578 Super
588 1533 692 1568 Actis
710 1533 889 1568 Bonifacii
1251 1534 1313 1569 lib.
1333 1544 1358 1568 1.

356 1591 484 1636 Coepit
502 1591 622 1625 sedere
640 1603 734 1626 anno
754 1600 939 1626 MXLVIII.
967 1596 1002 1626 et
1028 1596 1109 1637 post
1134 1593 1344 1627 decennium
1367 1593 1456 1628 obiit
1475 1601 1543 1626 Xv.
1571 1593 1703 1627 calend.

307 1648 494 1683 Decembr.

761 1764 797 1799 S.
825 1764 1119 1801 ERTHADUS.
1171 1768 1255 1805 449.

308 1882 342 1916 S.
362 1880 606 1922 ERTHADUS,
623 1882 716 1916 mira
733 1882 829 1916 vitae
846 1882 1082 1917 sanctimonia
1099 1882 1284 1927 episcopus
1303 1882 1341 1916 in
1360 1881 1489 1923 Scotia,
1509 1884 1650 1928 scripsit

457 1939 629 1974 Lecturas
647 1940 685 1974 in
703 1939 825 1974 Biblia
1251 1941 1312 1975 lib.
1333 1950 1358 1975 1.

456 1998 511 2032 De
528 1998 664 2032 Divina
681 1997 852 2032 Essentia
1253 1999 1313 2033 lib.
1335 2008 1360 2033 1.

456 2055 659 2103 Allegorias
679 2055 805 2091 Sacras
1253 2057 1315 2091 lib.
1336 2066 1360 2090 1.

357 2114 499 2149 Floruit
528 2125 623 2149 anno
649 2123 938 2149 Decccxxxlu.
991 2114 1131 2149 Colitur
1158 2114 1215 2159 pie
1245 2123 1361 2149 xxw.
1391 2114 1491 2149 Julii.
1542 2115 1703 2150 Breviar.

308 2171 434 2206 Scotic.

797 2272 833 2307 S.
861 2271 1078 2307 ELIGIUS.
1132 2273 1214 2306 450.

309 2345 344 2379 S.
372 2346 561 2389 EL1G1U5‚
594 2345 708 2382 Gallis
734 2346 841 2392 Eon,
874 2347 976 2381 Italis
1005 2346 1041 2380 S.
1072 2346 1155 2388 Alo,
1186 2346 1484 2394 Noviomagensis
1517 2348 1554 2381 in
1587 2347 1706 2382 Picar-

308 2403 367 2438 dia
392 2405 588 2450 episcopus,
614 2405 658 2439 de
683 2405 785 2452 cujus
815 2405 1037 2439 memorabili
1066 2406 1255 2440 sanctitate
1280 2405 1460 2440 Baronius
1488 2406 1533 2440 ad
1564 2405 1704 2451 Marty-

310 2463 422 2509 rolog.
450 2462 603 2498 Roman.
631 2463 688 2497 die
715 2471 740 2498 1.
767 2462 985 2504 Decembris,
1012 2467 1048 2498 et
1072 2462 1167 2504 Ado,
1193 2463 1304 2504 Beda,
1331 2463 1530 2504 Usuardus,
1558 2463 1705 2498 Gallesi-
