2032 2912
320 289 383 319 200
706 287 938 320 HISTORIA
963 287 1339 320 ECCLESIASTICA

320 385 363 419 de
381 383 510 430 quibus
534 383 585 416 nil
608 382 704 416 aliud
728 382 876 426 reperio,
898 382 968 416 nisi
985 382 1082 427 quod
1099 393 1221 416 omnes
1239 381 1393 416 ecclesiis
1410 382 1574 428 regendis
1592 387 1714 427 postea

320 453 400 475 cum
412 440 555 485 pietatis
569 440 756 484 praeconio
774 440 847 473 sint
863 439 1044 484 praefecti.
1096 439 1293 474 Duodecim
1312 440 1529 474 monasteria
1546 440 1714 480 condidit,

320 498 523 542 Scripturae
550 507 669 531 sacrae
695 497 849 531 codicem
879 508 1017 543 semper
1047 508 1164 532 secum
1196 497 1291 537 tulit,
1320 497 1532 544 Pelagianae
1560 498 1716 532 haeresis

317 555 484 598 reliquias
510 554 626 588 adhuc
652 559 832 598 serpentes
860 555 1005 600 penitus
1031 555 1197 589 extinxit.
1250 554 1349 589 Inter
1377 560 1532 590 caeteros
1561 566 1646 590 vero
1672 566 1716 589 ex

317 611 454 645 Scotica
487 616 594 657 gente
629 612 840 656 apostolicos
876 613 973 647 viros
1003 613 1041 647 in
1071 612 1207 659 Anglia
1237 613 1356 646 sedem
1386 612 1618 657 proferendae
1645 613 1714 647 vir-

316 670 404 703 tutis
439 670 556 715 elegit,
592 675 627 704 et
661 670 779 704 sedem
811 670 1134 716 archiepiscopatus
1165 670 1210 704 ab
1240 670 1328 704 urbe
1358 669 1558 716 Legionum
1591 671 1714 705 Mene-

314 727 410 760 viam
438 727 634 767 transtulit,
667 727 832 761 Arthuro
862 739 946 773 rege
982 729 1133 767 volente,
1168 728 1477 773 inauguratusque
1512 733 1564 763 est
1599 729 1714 763 arehi-

314 784 510 829 episcopus,
538 783 684 819 Giraldo
711 789 865 819 auctore.
898 785 1060 831 Anglum
1091 785 1285 819 Lelandius
1311 785 1426 819 facere
1452 790 1506 820 est
1532 797 1651 826 ausus,
1678 791 1713 820 et

313 853 394 876 eum
434 846 576 876 secutus
619 847 782 887 apostata
825 842 989 882 Balaeus,
1034 846 1348 887 ramentorumque
1392 843 1468 888 ejus
1511 843 1713 878 ineruditus

312 900 476 934 collector
493 899 517 933 J
519 911 649 933 oannes
669 899 844 940 Pitsaeus,
863 901 925 933 sed
942 900 1053 940 falso3
1084 901 1278 934 reclamant
1296 900 1402 940 enim,
1421 904 1456 934 et
1474 900 1589 934 civem
1607 911 1713 935 suum

311 957 494 992 vindicant
522 958 666 991 annales
698 957 836 996 nostri‚'
852 962 888 992 et
918 958 994 991 vita
1022 957 1099 1002 ejus
1130 957 1265 990 incerto
1299 961 1443 991 auctore
1471 957 1566 1001 apud
1594 957 1713 991 Hove-

310 1015 388 1048 den.
421 1015 481 1049 sed
512 1016 626 1049 multo
655 1015 771 1060 magis
802 1012 984 1048 Henricus
1014 1015 1196 1049 Sinclarus
1228 1025 1272 1048 ex
1307 1014 1483 1048 Gaufrido
1519 1014 1712 1049 Meneven-

310 1073 339 1106 si
360 1073 397 1105 id
415 1073 533 1117 ipsum
552 1073 680 1117 probat
698 1073 758 1106 lib.
780 1082 822 1106 11.
850 1072 949 1106 Hist.
978 1077 999 1092 “
1017 1072 1175 1107 Amabat
1198 1071 1322 1106 Scotos
1346 1083 1440 1113 suos,
1465 1073 1526 1106 sed
1549 1083 1631 1106 raro
1653 1084 1712 1107 eos

308 1129 495 1164 Britannis
515 1130 717 1174 praetulit.'’
769 1130 863 1175 Ejus
882 1135 991 1165 sunt:

455 1188 515 1221 Ad
533 1188 738 1222 Arthurum
757 1187 893 1234 Regem
911 1187 1096 1232 Epistolae
1258 1187 1321 1222 lib.
1341 1196 1366 1221 1.
1387 1187 1475 1222 Fuit
1492 1188 1550 1222 hic
1568 1192 1712 1232 porten-

505 1251 602 1280 tosae
630 1255 682 1280 IV.
711 1246 913 1280 cubitorum
940 1251 1108 1287 staturae,
1135 1250 1181 1286 et,
1208 1250 1250 1280 ut
1275 1245 1366 1280 falso
1384 1247 1522 1286 volunt,
1549 1246 1709 1292 ejusdem

505 1303 660 1338 Arthuri
681 1314 801 1348 nepos.

456 1361 698 1395 Homiliarum
716 1362 754 1394 in
771 1360 972 1408 Evangelia
1304 1361 1365 1396 lib.
1386 1371 1411 1395 1.

456 1419 591 1453 Contra
610 1419 821 1465 Pelagianos
1303 1419 1365 1453 lib.
1386 1428 1411 1452 1.

455 1477 607 1511 Decreta
625 1476 761 1522 Synodi
779 1476 1028 1511 lVictoriensis
1303 1477 1363 1511 lib.
1385 1486 1409 1511 1.

452 1534 507 1568 De
527 1535 667 1580 Regula
685 1534 961 1568 coenobitarum
1303 1535 1365 1570 lib.
1386 1543 1412 1568 1.

354 1591 457 1625 Vixit
475 1602 586 1625 annos
605 1600 744 1624 CXLVI.
768 1592 910 1635 praesul
935 1597 989 1625 est
1006 1596 1230 1626 consecratus
1255 1603 1349 1626 anno
1367 1600 1505 1625 DXXII.
1531 1592 1622 1627 sedit
1646 1605 1707 1627 an-

304 1650 359 1683 nis
389 1658 484 1683 LXV.
512 1654 554 1683 ut
579 1660 720 1682 necesse
747 1649 793 1682 sit
820 1649 949 1683 obiisse
975 1650 1076 1683 illum
1103 1661 1197 1684 anno
1223 1658 1449 1683 DLXXXVII.
1481 1660 1562 1683 cum
1586 1655 1707 1685 tamen

304 1707 363 1740 alii
383 1711 533 1740 mortem
553 1706 629 1751 ejus
648 1706 813 1751 rejiciant
830 1706 867 1739 in
887 1718 1020 1740 annum
1040 1716 1120 1741 Del.
1139 1708 1246 1752 quod,
1265 1712 1306 1741 ut
1326 1718 1451 1741 verum
1466 1707 1525 1748 sit,
1543 1708 1648 1754 longe
1662 1708 1707 1743 ab

303 1764 458 1798 Arthuri
484 1775 571 1797 aevo
595 1764 719 1797 aberit.
773 1763 873 1797 Inter
897 1763 959 1798 SS.
985 1765 1119 1799 relatus
1143 1770 1197 1799 est
1223 1765 1365 1800 Calixto
1385 1764 1434 1799 II.
1455 1774 1492 1799 D.
1514 1770 1595 1810 post
1613 1777 1706 1800 mor-

304 1827 374 1855 tem
394 1822 508 1855 annis.
562 1821 721 1867 Injurius
740 1827 793 1855 est
812 1822 843 1855 ei
861 1822 1016 1866 perfidus
1035 1828 1071 1857 et
1088 1824 1252 1868 impurus
1270 1823 1294 1856 J
1296 1834 1427 1858 oannes
1447 1823 1581 1864 Foxus,
1600 1824 1703 1870 cujus

302 1891 346 1913 ne
365 1880 512 1923 spiritus
532 1880 675 1924 quidem
695 1890 818 1922 purus.
863 1880 1004 1914 Colitur
1023 1890 1047 1914 Ι.
1069 1881 1205 1916 Martii.
1251 1882 1387 1916 Molan.

760 1995 795 2029 S.
823 1995 1113 2031 DEVINICUS.
1166 1997 1249 2032 364.

303 2111 337 2145 S.
369 2111 614 2150 ΒΕνΙΝΙουε,
650 2116 670 2130 “
698 2110 850 2156 insignis
885 2111 1084 2152 sanctitate,
1117 2113 1282 2158 vitaeque
1312 2113 1550 2154 innocentia,’'
1585 2114 1703 2159 inquit

304 2168 352 2202 H.
378 2169 504 2203 Boeth.
530 2169 590 2203 lib.
619 2178 674 2202 lx.
702 2168 799 2202 Hist.
825 2168 952 2203 Scotic.
980 2169 1018 2203 in
1044 2170 1124 2204 fine.
1164 2170 1448 2206 Archidiaconus
1474 2171 1556 2212 fuit,
1587 2176 1629 2206 ut
1659 2183 1703 2206 ex

302 2226 487 2260 annalibus
516 2227 735 2261 nostratibus
766 2231 929 2266 constat;
962 2233 1045 2261 sunt
1078 2234 1197 2262 tamen
1226 2229 1288 2273 qui
1315 2229 1530 2264 monachum
1556 2235 1700 2264 tantum

302 2283 445 2324 faciant,
481 2289 516 2318 et
552 2284 699 2318 Parisiis
727 2285 942 2330 theologiam
974 2285 1196 2329 professum:
1234 2288 1294 2321 sed
1325 2299 1449 2321 revera
1479 2292 1514 2321 et
1547 2288 1701 2332 suscepit

302 2341 556 2386 episcopatum,
588 2347 622 2376 et
658 2348 861 2386 susceptum
897 2344 1117 2377 sanctissime
1148 2345 1439 2385 administravit3
1478 2357 1548 2390 qua
1579 2350 1698 2378 tamen

302 2399 401 2439 urbe,
420 2399 458 2433 in
481 2399 598 2443 patria
623 2411 668 2433 an
694 2400 790 2440 alibi,
819 2400 915 2435 haud
939 2400 1041 2435 facile
1067 2397 1317 2443 divinaverim,
1344 2407 1432 2447 puto
1457 2407 1576 2437 tamen
1603 2403 1698 2446 apud
