2032 2912
697 342 872 375 GENTIS
898 342 1175 382 SCOTORUM,
1201 343 1289 376 LIB.
1319 344 1374 376 VI.
1664 347 1723 378 291

817 494 1110 530 FERGUSIUS.
1162 499 1245 531 531.

343 612 585 652 FERGUsms,
604 611 761 646 Illustris
778 617 1023 657 cognomento,
1042 612 1265 657 Ferquhardi
1292 613 1486 648 Hiberniae
1508 616 1602 661 regis
1620 615 1725 654 filius,

337 670 507 704 fundator
526 669 683 703 Scoticae
701 668 936 708 monarchiae,
955 680 998 702 ex
1017 668 1193 703 Hibernia
1209 671 1247 704 in
1265 670 1454 705 Albionem
1478 673 1617 718 trajecit
1643 684 1723 706 cum

338 727 448 772 copiis
465 727 682 773 ingentibus,
708 726 891 770 pulsisque
917 731 979 760 aut
1002 727 1040 760 in
1065 726 1171 761 fidem
1197 728 1347 772 acceptis
1373 729 1549 775 indigenis
1575 740 1725 776 regnum

337 784 523 825 stabilivit,
550 784 712 818 omnium
739 784 850 818 totius
868 782 1036 828 Europae
1060 785 1363 829 antiquissimum,
1389 786 1659 827 nobilissimum,
1688 788 1725 820 in

336 854 407 887 quo
425 854 497 876 non
515 843 716 886 interrupto
734 841 858 876 ordine
880 842 1048 876 sederunt
1074 842 1113 876 in
1137 842 1232 877 hunc
1258 843 1352 877 diem
1378 852 1492 878 CVIII.
1519 855 1630 890 reges,
1654 856 1725 889 qua

337 901 566 941 successione,
599 901 630 934 si
662 900 695 934 S.
720 900 819 934 Petri
852 901 1094 944 apostolorum
1119 900 1290 945 principis
1320 912 1536 935 successores
1567 912 1725 946 seponas,

337 959 454 992 nullae
477 957 808 1004 magnificentiores.
862 957 933 991 Hic
957 956 1098 992 Coilum
1123 958 1316 993 Britonum
1333 970 1454 1005 regem
1472 959 1562 993 bello
1585 970 1728 1003 supera-

336 1021 414 1050 tum
432 1016 572 1050 necavit
589 1016 627 1049 in
644 1017 720 1049 loco
738 1015 795 1049 cui
813 1015 946 1059 posteri
965 1014 1064 1049 Koili
1082 1027 1211 1050 nomen
1229 1016 1399 1057 fecerunt,
1418 1018 1605 1051 vernacule
1624 1014 1707 1061 Kyl
1716 1030 1725 1054 ‚·

336 1079 424 1114 tum,
443 1084 514 1118 quo
532 1073 675 1107 firmum
693 1079 796 1112 esset,
815 1076 851 1106 et
867 1073 1125 1107 successoribus
1146 1074 1303 1108 validum
1321 1075 1522 1119 imperium,
1543 1075 1654 1109 edidit

486 1131 601 1177 Leges
620 1130 789 1165 Politicas
1226 1132 1287 1166 lib.

385 1189 567 1236 Regnavit
589 1189 692 1223 annis
716 1197 815 1222 xxv·
868 1188 982 1223 Periit
1006 1188 1194 1235 naufragio
1220 1190 1258 1224 in
1285 1190 1426 1224 Oceano
1451 1189 1723 1231 Deucaledonio,

337 1249 481 1292 scopulo
498 1247 641 1282 nomine
659 1258 680 1280 a
697 1257 781 1281 casu
798 1246 859 1280 illo
876 1246 1056 1291 imposito,
1080 1248 1190 1293 vulgo
1210 1245 1460 1293 Cragfi’rgus,
1484 1248 1584 1293 quasi
1603 1259 1727 1293 scopu-

337 1309 411 1342 lum
439 1307 534 1340 dicas
565 1306 742 1352 Fergusii,
772 1316 866 1339 anno
894 1310 976 1340 ante
1002 1305 1138 1340 Christi
1162 1306 1347 1340 assertoris
1371 1306 1409 1339 in
1434 1316 1576 1339 carnem
1599 1306 1728 1340 adven-

338 1370 415 1398 tum
435 1373 632 1398 cccxvnI.
686 1363 854 1409 Regnum
874 1362 1054 1397 Ferithari
1075 1363 1222 1408 reliquit
1238 1362 1353 1403 fratri,
1375 1363 1511 1407 optimo
1527 1363 1691 1408 principi,
1711 1377 1731 1397 a

338 1422 458 1456 fratris
477 1422 534 1456 sui
551 1426 678 1466 nepote
696 1421 848 1466 Ferlego
866 1420 990 1454 occiso.

821 1536 1115 1572 FERGUSIUS.
1168 1540 1251 1573 532.

337 1655 472 1694 SCOTI,
492 1658 573 1698 post
590 1652 748 1699 Eugenii
767 1653 796 1687 Ι.
815 1653 910 1698 regis
928 1653 966 1686 in
979 1653 1053 1687 acie
1070 1653 1237 1687 exstincti
1257 1663 1388 1693 casum,
1409 1661 1522 1687 XLIV.
1541 1654 1643 1687 annis
1661 1654 1731 1687 dis-

338 1712 497 1756 palantes
516 1723 599 1757 rege
617 1715 834 1750 caruerunt3
862 1721 951 1754 quos
970 1710 1008 1743 in
1031 1721 1144 1744 unum
1168 1721 1295 1754 corpus
1319 1710 1461 1755 collegit
1479 1721 1519 1744 ac
1537 1710 1637 1744 varia
1661 1710 1732 1744 for-

339 1775 427 1803 tuna
444 1769 518 1803 solo
536 1769 653 1813 patrio
672 1768 869 1814 Fergusius
888 1767 938 1801 11.
957 1778 1020 1801 rex
1038 1768 1235 1802 redonavit.
1280 1766 1450 1801 Interfuit
1468 1767 1526 1801 hic
1549 1778 1629 1801 cum
1658 1769 1731 1801 suis

341 1827 477 1861 Romae
489 1826 692 1870 direptioni,
706 1825 853 1859 Alarico
868 1824 1068 1859 Gothorum
1080 1826 1156 1871 regi
1170 1825 1381 1865 auxiliatus3
1401 1825 1506 1869 quod,
1518 1829 1658 1869 praeter
1671 1836 1731 1858 an-

340 1886 437 1919 nales
456 1888 643 1924 nostrates,
663 1883 882 1917 Claudianus
901 1883 1095 1917 cultissime
1113 1883 1287 1928 expressit
1303 1883 1363 1917 lib.
1383 1883 1425 1916 de
1444 1882 1545 1917 Bello
1563 1882 1705 1916 Getico:

642 1981 733 2010 Venit
748 1987 777 2010 et
793 1982 930 2011 extremis
943 1981 1018 2019 legio
1031 1985 1181 2019 praetenta
1196 1980 1353 2013 Britannis,

641 2028 725 2063 Quae
741 2029 825 2058 Scoto
838 2029 888 2058 dat
902 2029 1000 2057 fraena
1014 2038 1073 2061 suo,
1088 2028 1219 2066 ferroque
1233 2034 1344 2056 notatas

645 2076 772 2114 Perlegit
786 2077 932 2105 exanimes
950 2076 1030 2104 Picto
1044 2075 1184 2104 moriente
1198 2075 1311 2113 figuras.

395 2177 455 2211 Ex
481 2182 602 2211 tantae
627 2176 784 2210 civitatis
810 2176 932 2220 spoliis
959 2187 998 2209 ac
1024 2176 1165 2220 praeda,
1196 2177 1271 2220 ipse
1298 2176 1388 2210 nihil
1417 2176 1562 2210 domum
1593 2177 1728 2215 retulit,

342 2240 482 2280 praeter
499 2245 598 2268 arcas
615 2234 787 2278 quasdam
807 2234 907 2267 libris
927 2233 1032 2267 MSS.
1050 2234 1183 2277 plenas,
1201 2245 1289 2278 quos
1308 2234 1414 2267 etiam
1436 2245 1501 2268 suo
1520 2245 1607 2268 aevo
1626 2233 1730 2268 Hect.

342 2292 515 2327 Boethius
535 2292 685 2325 viderat.
739 2291 810 2325 Hic
828 2292 865 2325 in
885 2291 1085 2325 Moraviam
1105 2291 1253 2331 delatus,
1272 2291 1398 2326 foedus
1413 2303 1494 2325 cum
1511 2291 1631 2331 Pictis,
1646 2302 1734 2336 quos

343 2350 497 2385 Romani
516 2350 791 2389 concitaverant,
810 2350 957 2395 pepigit,
985 2349 1099 2393 iisque
1117 2349 1220 2382 sociis
1238 2360 1318 2382 cum
1343 2348 1466 2383 Cassio
1492 2350 1536 2383 ad
1554 2348 1730 2383 Caronam

342 2419 482 2443 amnem
500 2407 688 2454 pugnavit,
713 2418 825 2452 aequo
849 2407 978 2447 Marte,
1003 2407 1063 2441 sed
1085 2407 1327 2453 redintegrato
1351 2408 1555 2448 certamine,
1579 2411 1727 2452 uterque

341 2477 403 2500 rex
421 2477 441 2499 a
461 2465 684 2500 Maximiano
701 2466 818 2511 legato
836 2464 1055 2500 interimitur
1073 2464 1111 2499 in
1129 2464 1212 2499 acie.
1265 2464 1357 2511 Ejus
1378 2470 1463 2499 sunt
