2032 2912
303 298 364 327 112
683 293 914 326 HISTORIA
938 291 1310 324 ECCLESIASTICA

303 392 338 424 di
357 391 527 435 scriptum
546 393 723 433 superstes
740 387 930 427 inveneris,
954 387 1113 433 ejusdem
1136 385 1342 431 depositarii
1359 385 1448 431 legis
1467 386 1695 420 severitatem

303 448 468 487 sentiant,
486 458 568 481 nam
586 447 623 481 in
642 458 682 481 eo
701 446 929 492 Pythagorae
946 445 1160 489 discipulum
1174 449 1209 478 te
1227 454 1302 478 esse
1320 443 1439 484 velim,
1459 449 1501 477 ut
1514 443 1696 477 existimes

302 507 395 548 ipsos
427 515 547 538 manes
577 505 728 538 istorum
764 504 979 538 seditionum
1009 501 1229 536 {labellorum
1260 499 1509 547 μετεμψυχώσει
1539 500 1694 544 quadam

301 563 336 595 iu
355 573 476 596 eorum
494 573 642 606 corpora
658 561 839 602 transisse,
859 561 921 606 qui
939 571 1061 595 eorum
1080 560 1136 594 vel
1153 559 1263 593 libros
1280 559 1447 599 retinent,
1474 559 1530 592 vel
1549 558 1695 604 dogma-

299 626 335 653 ta
353 619 557 660 defendunt,
576 630 665 664 quos
689 630 761 653 non
785 619 923 653 minore
946 617 1120 663 supplicio
1143 617 1346 662 plectendos
1369 627 1506 656 censeo,
1530 627 1638 661 quam
1664 616 1693 648 si

299 678 366 721 ipsi
385 682 545 711 auctores
558 677 635 723 jam
654 688 675 711 a
692 676 845 711 mortuis
862 680 979 710 essent
996 675 1229 710 resuscitati.'’
1281 673 1478 719 Hucusque
1502 674 1578 719 ipse
1595 674 1693 718 prin-

300 746 390 779 ceps.
430 734 454 768 J
456 734 584 769 acobus
603 745 687 769 vero
705 733 907 774 Gretserus,
924 733 1045 780 gravis
1063 732 1250 766 Societatis
1267 731 1291 765 J
1293 742 1355 766 esu
1374 732 1572 778 theologus,
1589 731 1693 765 Com-

297 792 471 826 mentario
489 791 683 838 Exegetico
700 802 782 837 pag.
802 799 940 825 XXXII.
959 795 980 809 ‘⁶
998 789 1155 834 Optime,
1173 789 1380 829 rectissime,
1405 793 1441 823 et
1465 789 1691 823 meritissime

295 850 539 883 serenissimus
556 860 619 883 rex
637 850 687 883 sic
703 849 851 883 statuit:
878 847 968 881 nihil
985 847 1079 881 enim
1098 845 1154 879 his
1172 845 1311 879 duobus
1329 846 1367 879 in
1384 857 1485 891 reges
1502 846 1690 880 immodes-

296 908 366 940 tius
385 912 420 940 et
438 907 691 951 impudentius,
708 906 800 940 nihil
817 903 1081 939 calumniosius.
1123 902 1222 937 Haec
1238 903 1381 947 quidem
1401 914 1473 937 non
1491 903 1689 948 ingenium,

296 965 354 997 sed
373 975 574 1007 perversam
593 963 697 997 fidem
716 963 911 1008 attingunt,
930 961 1165 995 eruditionem
1182 971 1287 994 nemo
1305 960 1517 1004 vituperat.'’
1569 959 1692 1004 Atque

295 1021 376 1054 Itali
405 1021 547 1065 quidem
578 1019 840 1054 illiteratissimi
870 1018 1044 1052 literionis
1074 1017 1287 1057 criminatio,
1318 1028 1427 1062 quam
1453 1017 1544 1052 falsa
1569 1018 1628 1057 sit,
1655 1022 1689 1051 et

294 1089 348 1111 res
374 1078 451 1121 ipsa
477 1077 616 1112 abunde
642 1077 813 1122 loquitur,
840 1080 875 1110 et
901 1081 955 1110 tot
980 1075 1166 1109 doctorum
1190 1084 1315 1108 versus
1336 1074 1485 1109 diluent.
1514 1074 1691 1121 Georgius

294 1134 475 1169 Fabricius
494 1134 759 1169 Chemnicensis
778 1134 820 1167 de
839 1132 894 1167 Re
913 1132 1079 1167 Poetica:
1108 1136 1130 1151 ‘⁶
1149 1131 1365 1166 Psalterium
1389 1136 1576 1166 verterunt
1602 1132 1690 1167 Ger-

291 1193 385 1226 mani
416 1192 552 1237 aliquot
580 1192 649 1237 pie,
680 1191 775 1231 Itali,
807 1196 849 1226 ut
879 1191 1004 1230 solent,
1036 1190 1226 1235 eleganter,
1262 1189 1440 1234 imprimis
1478 1189 1689 1229 Flaminius,

292 1250 351 1283 sed
386 1261 479 1284 nunc
514 1250 674 1284 omnium
708 1248 923 1284 industriam
957 1247 1044 1282 vicit
1078 1246 1333 1287 Buchananus,
1367 1246 1504 1287 Scotus,
1537 1248 1690 1283 varieta-

292 1313 326 1341 te
352 1307 619 1348 sententiarum,
646 1311 682 1341 et
706 1306 863 1351 puritate
888 1304 1093 1340 sermonis-’³
1144 1303 1220 1338 Nec
1246 1304 1366 1338 minus
1393 1304 1603 1339 honoratam
1635 1306 1688 1339 in-

294 1365 388 1409 genii
416 1365 510 1399 illius
537 1364 647 1399 fecere
673 1363 891 1398 mentionem
915 1361 1108 1402 Germani3
1136 1361 1174 1395 in
1198 1361 1254 1396 his
1279 1361 1559 1407 Christophorus
1585 1363 1689 1397 Man-

293 1422 358 1455 lius
372 1433 379 1455 :

552 1519 632 1548 Dum
646 1518 794 1558 Jephtlxen
809 1518 917 1557 tragico
930 1517 1123 1547 Buchananus
1137 1522 1262 1556 syrmate
1277 1518 1373 1551 vestit,

589 1566 670 1594 Dum
685 1565 771 1594 Latia
786 1565 901 1594 Isaiden
915 1570 1034 1604 tangere
1047 1565 1157 1604 plectra
1170 1564 1263 1598 docet,

555 1612 635 1641 Dum
650 1612 735 1641 castis
748 1612 789 1641 sic
803 1612 894 1641 tincta
904 1612 977 1649 jocis
989 1612 1195 1651 epigrammata
1208 1611 1293 1646 ludit,

590 1659 632 1688 Ut
646 1665 758 1688 metuat
772 1659 884 1698 palmae
899 1659 1014 1688 Bilbilis
1027 1659 1089 1697 ipsa
1102 1669 1180 1691 suae,

551 1706 652 1735 Cernis
666 1712 699 1735 ut
714 1706 751 1735 ad
766 1707 863 1735 Scotos
877 1706 1012 1744 migrent,
1027 1705 1169 1734 Helicone
1182 1705 1291 1738 relicto,

593 1754 768 1792 Laurigerae
782 1755 857 1783 tanti
871 1754 947 1783 vatis
960 1762 1054 1782 amore
1068 1752 1171 1782 Deae?

553 1801 580 1828 N
584 1810 615 1829 ec
629 1801 694 1829 vivo
706 1801 759 1830 hoc
774 1801 885 1830 reditus
899 1811 963 1840 spes
978 1805 1037 1829 est:
1059 1805 1158 1828 utrum
1173 1810 1240 1839 ergo
1254 1801 1365 1834 vocabo,

588 1847 691 1886 Langi,
709 1840 1010 1882 Heliconiadesjanne
1025 1846 1234 1877 Caledonides?

344 1940 390 1974 Et
412 1950 535 1974 rursus
553 1939 597 1974 ad
615 1938 638 1972 J
640 1950 671 1973 o.
691 1938 868 1986 Langium
883 1949 891 1973 ε

550 2011 614 2039 Illic
629 2011 782 2050 imperium
795 2011 855 2040 fore
865 2011 1010 2049 jactavere
1025 2011 1166 2046 Quirites,

587 2058 672 2087 Esset
686 2058 737 2087 ubi
751 2057 841 2090 sedes,
859 2058 954 2097 Scipio
966 2068 1079 2097 magne,
1094 2064 1152 2088 tua.

549 2105 613 2133 Illic
629 2105 766 2139 Pierides,
779 2105 840 2134 illic
852 2110 915 2134 erat
928 2105 1004 2134 alma
1017 2105 1119 2144 poesis,

594 2153 659 2182 Illic
674 2152 805 2181 Phoebus
820 2152 884 2186 erit,
899 2162 956 2191 qua
970 2152 1162 2182 Buchananus,
1176 2153 1240 2182 erit.

341 2227 503 2262 Celebrat
523 2227 655 2262 Paulus
674 2226 842 2261 Melissus
860 2227 905 2261 ad
923 2226 1083 2262 Cissam:

546 2299 634 2335 Quod
648 2299 709 2337 lyra
723 2298 803 2328 nulla
817 2299 881 2338 polo
894 2299 997 2337 fulget,
1012 2309 1098 2338 quam
1113 2299 1239 2328 vindicet
1255 2299 1401 2338 Orpheus,

586 2346 670 2374 Hanc
684 2346 807 2385 spolium
821 2352 902 2375 vates
917 2346 1019 2375 Scotus
1032 2346 1068 2374 ab
1082 2356 1135 2375 axe
1149 2345 1228 2375 tulit.

548 2392 580 2421 Si
595 2402 652 2430 qua
665 2398 761 2422 tamen
777 2403 901 2433 cygnum
916 2403 1003 2432 prope
1017 2393 1095 2422 lucet
1109 2393 1140 2422 in
1153 2393 1279 2426 aethere,
1295 2394 1385 2427 Cissa,

588 2439 713 2469 Davidis
724 2440 792 2469 haec
806 2440 914 2469 cithara
928 2445 982 2474 est,
997 2450 1052 2469 non
1067 2440 1129 2479 lyra
1145 2440 1281 2469 Threicii.
