2032 2912
693 334 871 366 GENTIS
896 333 1174 373 SCOTORUM,
1201 334 1290 365 LIB.
1319 333 1383 365 ΙΙΙ.
1680 334 1739 363 161

339 427 554 463 Coventriae
586 433 621 463 et
651 428 871 463 Lichfeldiae
902 429 1077 463 secundus
1110 429 1388 463 administravit.
1417 428 1649 462 Malmesbur.
1676 429 1736 462 lib.

342 494 395 520 1v.
416 486 514 521 Gest.
535 486 640 520 Pont.
655 497 736 532 pag.
751 495 891 520 CLXIV.
912 490 934 505 “
947 485 1081 520 Diuma
1094 492 1129 521 et
1147 487 1300 527 Cellach,
1319 487 1423 521 ambo
1441 487 1484 521 de
1502 486 1655 521 Scotia.''
1677 487 1737 520 Fr.

340 544 536 578 Godwinus
554 545 597 578 de
612 544 771 577 Praesul.
786 543 929 588 Anglic.
949 555 1031 589 pag.
1045 553 1243 578 CCCLXIII.
1265 549 1285 563 “
1297 544 1498 590 Episcopus
1514 544 1738 578 Lichfelden-

339 602 388 635 sis
405 602 580 635 secundus
598 601 669 635 fuit
686 600 841 640 Cellach,
858 596 878 634 e
896 600 1025 641 Scotia‚
1044 602 1150 635 sicuti
1174 602 1281 636 etiam
1306 607 1516 643 antecessor,
1541 602 1714 636 oriundus
1729 613 1736 635 z

339 670 450 693 annos
464 670 535 693 non
549 660 681 692 multos
695 669 776 692 cum
793 657 1017 702 praefuisset,
1035 659 1196 703 deposito
1215 663 1340 703 sponte
1354 660 1561 704 episcopatu
1577 660 1683 694 rediit
1700 661 1738 693 in

339 717 493 760 patriam
524 716 657 750 suam.”
707 715 875 749 Eundem
902 716 1010 749 etiam
1036 715 1302 750 Lindisfarniae
1326 717 1525 751 antistitem
1550 716 1661 751 fuisse
1685 729 1738 751 re-

337 774 446 818 perio.
465 773 624 808 Florent.
643 773 793 819 Vigorn.
813 773 858 807 ad
875 784 1010 807 annum
1029 782 1152 807 DCLV.
1178 778 1200 793 ‘⁵
1220 773 1362 808 Primus
1385 774 1423 807 in
1445 775 1630 818 provincia
1651 775 1738 808 Lin-

337 831 564 871 disfarorum,
589 836 623 865 et
642 831 872 870 Merciorum,
896 835 930 864 et
955 830 1295 865 mediterraneorum
1318 830 1523 877 Anglorum
1545 831 1661 866 factus
1684 838 1737 866 est

337 889 522 933 episcopus
540 888 673 929 Duina,
692 889 866 923 secundus
885 888 1093 922 Ceoilachus
1107 889 1150 922 de
1163 900 1291 934 genere
1305 888 1525 922 Scotorum.''
1564 889 1646 923 Uno
1659 894 1737 924 tan-

338 951 417 981 tum
435 958 529 980 anno
546 947 780 991 posteriorem
798 947 876 992 ejus
894 947 1137 991 praesulatum
1158 945 1246 980 facit
1264 946 1396 980 Matth.
1422 946 1737 982 Westmonasteri-

338 1005 457 1046 ensis;
480 1017 564 1039 nam
582 1016 676 1038 anno
695 1013 834 1038 DCLVI.
860 1009 881 1024 ‘⁶
899 1004 1082 1038 Secundus
1101 1004 1260 1049 ejusdem
1286 1004 1490 1048 provinciae
1516 1004 1736 1039 Lindisfaro-

338 1073 419 1096 rum
438 1063 623 1107 episcopus
642 1062 850 1097 Coellachus
873 1062 955 1102 fuit,
977 1062 1040 1106 qui
1061 1062 1185 1096 relicto
1209 1061 1432 1106 episcopatus
1450 1061 1573 1102 officio,
1592 1064 1637 1096 ad
1656 1063 1736 1097 Sco-

338 1120 427 1154 tiam
444 1120 583 1155 rediit.’'
610 1120 732 1154 Uvion
745 1120 806 1154 lib.
823 1129 866 1153 11.
882 1131 957 1164 cap.
974 1129 1089 1154 XLVI.
1110 1119 1296 1153 “Diurnas
1310 1120 1504 1154 monachus
1522 1120 1680 1154 coenobii
1698 1121 1735 1154 in

338 1177 459 1212 Scotia
471 1178 500 1212 :'’
519 1183 554 1212 et
565 1188 708 1212 rursus:
727 1182 749 1197 ‘⁶
761 1178 968 1218 Coelachus,
980 1189 1044 1212 seu
1055 1177 1230 1212 Colachus
1245 1176 1403 1211 Scotus.”
1432 1177 1659 1212 Huntindon.
1675 1179 1734 1212 lib.

339 1245 401 1269 111.
419 1247 501 1282 pag.
521 1245 629 1270 CXCI.
655 1240 678 1256 ‘⁶
695 1236 850 1270 Diumae
868 1235 1036 1270 successit
1053 1234 1199 1274 Coellet,
1224 1235 1287 1278 qui
1305 1235 1350 1268 ad
1368 1234 1502 1275 Scotos‚
1520 1235 1615 1268 unde
1633 1246 1735 1269 vene-

336 1298 404 1333 rat,
424 1294 564 1328 rediit.’'
615 1293 689 1327 Sub
706 1294 828 1339 hujus,
847 1297 890 1327 ut
909 1293 1086 1333 existimo,
1104 1291 1353 1336 pontificatum
1371 1296 1494 1326 exorta
1511 1293 1573 1325 illa
1590 1292 1633 1325 de
1651 1292 1738 1326 Pas-

336 1350 439 1385 chate
477 1351 686 1385 celebrando
716 1351 939 1395 disceptatio,
979 1360 1088 1394 quam
1118 1349 1249 1383 diserte
1276 1348 1527 1394 Vigorniensis
1562 1349 1670 1383 refert
1701 1350 1738 1382 in

338 1416 442 1442 XXX.
461 1420 596 1442 annum
619 1409 664 1443 ab
686 1408 893 1453 episcopatu
918 1419 940 1441 a
963 1407 1078 1441 Scotis
1102 1407 1140 1439 in
1166 1406 1427 1440 mediterranea
1449 1405 1586 1451 Anglia
1609 1414 1735 1440 erecto.

337 1464 464 1511 Itaque
481 1477 547 1510 pro
565 1466 674 1500 seculi
694 1466 791 1499 illius
810 1465 966 1505 modulo,
985 1464 1127 1508 scripsit

486 1523 541 1558 De
560 1523 736 1558 Paschate
754 1523 963 1557 celebrando
1283 1522 1344 1556 lib.
1365 1530 1390 1554 1.

486 1582 542 1616 De
563 1582 662 1616 Petri
680 1581 940 1627 Praerogativa
1282 1580 1343 1613 lib.
1364 1589 1389 1613 1.

483 1640 539 1673 De
557 1639 757 1673 Concordia
774 1638 1025 1672 Ecclesiastica
1282 1638 1343 1672 lib.
1365 1647 1388 1671 1.

478 1697 740 1730 -Meditationes
1281 1696 1342 1729 lib.
1363 1704 1387 1728 1.

386 1755 527 1789 Claruit
544 1765 637 1787 anno
655 1754 761 1787 salut.
781 1761 936 1786 DCLVII.
964 1764 1036 1798 quo
1060 1757 1219 1797 tempore
1243 1758 1306 1786 aut
1331 1752 1393 1785 ubi
1419 1753 1558 1792 obierit,
1586 1764 1655 1786 non
1679 1754 1737 1787 de-

336 1812 520 1858 prehendi,
534 1811 695 1855 suspicor
712 1814 832 1844 tamen
850 1810 887 1844 iu
906 1810 1035 1849 Scotia‚
1055 1821 1126 1854 quo
1139 1815 1368 1849 concesserat,
1387 1809 1465 1856 [ut]
1483 1815 1643 1845 auctores
1662 1812 1736 1844 lau-

337 1871 412 1905 dati
431 1874 619 1908 testantur,
640 1879 847 1913 supremum
866 1868 995 1902 obiisse
1013 1868 1118 1902 diem.
1146 1867 1286 1902 Colitur
1304 1876 1391 1902 xlv,
1412 1868 1610 1902 Februarii.

800 1983 835 2018 S.
863 1983 1133 2018 CANDIDUS.
1187 1986 1268 2021 273.

337 2103 373 2136 S.
410 2101 628 2135 CANDIDUS
662 2100 859 2146 presbyter,
895 2100 932 2134 in
969 2100 1088 2134 Scotia
1122 2105 1227 2134 natus
1259 2100 1320 2134 ubi
1351 2101 1559 2135 coenobium
1594 2109 1647 2136 est
1683 2101 1735 2134 di-

337 2165 433 2194 ctum
461 2159 567 2193 Sedes
592 2158 820 2198 Animarum,
846 2158 883 2191 in
911 2163 1032 2191 tenera
1057 2158 1211 2202 pueritia
1237 2158 1367 2192 missus
1395 2159 1438 2192 ad
1463 2158 1734 2192 Lindisfarneu-

337 2229 410 2251 sem
430 2218 595 2256 insulam,
623 2221 658 2250 et
683 2216 897 2250 monachum
921 2215 1049 2255 induit,
1077 2221 1112 2249 et
1138 2220 1401 2259 praeceptorem
1428 2216 1554 2250 habuit
1579 2215 1613 2249 S.
1643 2215 1733 2261 Hig-

337 2275 483 2309 baldum
514 2274 671 2314 Scotum,
703 2274 867 2318 indeque,
893 2278 935 2307 ut
961 2274 1206 2319 religiosorum
1234 2284 1310 2307 mos
1337 2278 1401 2313 est,
1420 2275 1615 2307 translatus
1642 2273 1732 2306 Mel-

338 2333 470 2367 rosiam
488 2332 524 2366 S.
543 2331 698 2365 Alcuino
717 2331 822 2365 Scoto
844 2342 881 2365 se
905 2335 1021 2365 totum
1045 2331 1194 2371 addixit,
1222 2342 1304 2364 cum
1330 2342 1402 2376 quo
1427 2332 1465 2364 in
1491 2330 1627 2365 Gallias
1653 2342 1732 2375 pro-

337 2390 451 2424 fectus
482 2390 663 2435 ingentem
693 2388 826 2423 famam
857 2389 981 2422 retulit
1013 2400 1035 2422 a
1060 2388 1193 2432 pietate
1223 2393 1257 2422 et
1288 2389 1487 2423 literatura.
1549 2388 1617 2423 Sed
1650 2389 1731 2422 inde

338 2448 376 2481 in
402 2447 558 2481 Scotiam
584 2447 765 2487 remissus,
792 2447 837 2481 ad
863 2446 1119 2481 monasterium
1143 2445 1435 2481 Lindisfarnense
1459 2457 1641 2493 regressus
1667 2451 1730 2486 est,

1030 2512 1059 2537 Y
