2032 2912
721 340 896 373 GENTIS
919 338 1194 377 SCOTORUM‚
1219 338 1308 370 LIB.
1334 338 1359 368 Ι.
1698 336 1739 368 17

495 434 580 470 Vita
598 434 633 468 S.
652 433 874 467 Willibrordi
1179 433 1240 467 lib.
1261 442 1287 466 1.
1307 430 1461 466 carmine
1480 430 1621 474 scripta.

495 491 622 538 Elegia
639 492 678 524 in
694 490 730 524 S.
750 489 956 535 Wilgisum.

398 548 533 583 Putant
551 559 625 582 esse
642 545 718 593 ejus
735 551 777 580 ut
793 557 902 590 supra
917 556 925 579 z

494 605 548 639 De
566 604 686 638 Rebus
705 603 876 637 Romanis
1184 603 1244 637 lib.
1265 613 1290 637 1.
1309 604 1426 637 Falso.

494 661 547 695 De
565 660 693 694 Metris
1185 660 1245 694 lib.
1268 669 1291 694 ῐ.
1310 660 1364 694 De
1382 660 1472 694 libro
1487 660 1567 694 vide
1585 671 1625 694 ea
1642 671 1731 704 quae

542 728 650 761 supra
667 718 710 751 de
728 728 769 750 eo
786 717 880 751 dicta
898 721 992 751 sunt.

396 774 478 809 Non
496 775 590 808 edita
607 785 690 808 vero
708 779 792 808 sunt
809 784 916 818 opera
928 774 1005 819 ejus
1019 785 1090 808 non
1103 784 1226 818 pauca.
1267 773 1311 808 In
1324 773 1555 809 Vallicellana
1568 778 1731 807 servatur

346 831 425 866 MS.
450 833 576 877 ingens
598 831 798 869 thesaurus,
820 831 871 865 ait
892 830 1070 865 Batonius
1090 831 1135 864 ad
1160 841 1294 864 annum
1319 839 1579 865 DCCLxxvnl.
1598 829 1729 864 Annal.

493 888 606 923 Vetus
625 888 825 922 Bibliorum
843 887 963 922 Codex
1184 888 1244 923 lib.
1266 897 1290 922 1.

347 946 391 980 In
410 945 631 980 Bibliotheca
650 945 879 989 Imperatoris
897 944 1089 979 Viennensi
1105 955 1114 978 ι

493 1003 701 1037 Intercessio
718 1014 782 1047 pro
800 1013 909 1047 puero
927 1001 1056 1036 Mauro
1181 1003 1241 1037 lib.
1262 1012 1287 1037 1.

495 1060 581 1094 Vita
598 1059 634 1093 S.
653 1060 812 1094 Richarii
1180 1061 1241 1095 lib.
1262 1069 1286 1093 1.
1338 1059 1463 1093 Surius
1483 1068 1600 1094 XXVI.
1618 1060 1707 1104 Apr.

493 1119 527 1153 V
529 1120 579 1153 ita
596 1118 631 1152 S.
650 1118 883 1159 Willibrordi,
902 1130 1016 1163 prosa,
1177 1117 1237 1152 lib.
1258 1127 1282 1151 Ι.
1335 1117 1414 1151 Sur.
1439 1126 1510 1150 vn.
1534 1116 1727 1151 Novembr.

394 1176 554 1210 Maxima
571 1176 647 1221 ejus
665 1176 839 1210 claritudo
856 1186 877 1209 a
895 1175 1007 1209 Paulo
1033 1174 1261 1209 Warnefrido
1286 1178 1488 1208 recensetur
1514 1174 1551 1207 in
1578 1174 1728 1208 Chroni-

345 1244 406 1267 co:
427 1237 448 1252 “
461 1232 650 1266 Elifandus
668 1232 863 1266 Toletanus
880 1232 1063 1276 episcopus
1081 1231 1254 1265 haeresim
1268 1231 1496 1270 excitaverat,
1514 1242 1586 1275 qua
1598 1242 1728 1265 assere-

345 1290 405 1324 bat
422 1300 500 1323 cum
520 1288 636 1322 Felice
653 1289 746 1322 socio
763 1287 876 1321 filium
890 1288 958 1321 Dei
971 1288 1179 1331 adoptivum
1193 1291 1345 1327 tantum,
1359 1298 1431 1321 non
1444 1288 1628 1331 proprium
1643 1299 1727 1328 esse,

344 1357 450 1391 quam
468 1345 640 1379 haeresim
658 1344 792 1389 synodo
809 1344 854 1378 ad
871 1344 1125 1378 Francfurtum
1142 1344 1276 1378 indicta
1298 1344 1531 1388 reprobavere
1559 1344 1727 1379 Paulinus

342 1402 605 1448 Aquilegiensis
634 1401 846 1446 patriarcha,
875 1401 1003 1435 Petrus
1034 1401 1309 1435 Mediolanensis
1340 1400 1632 1445 archiepiscopus,
1664 1401 1726 1435 Al-

343 1461 467 1494 cuinus
485 1459 528 1493 de
546 1458 766 1498 Britannia‚’'
784 1469 877 1493 anno
896 1467 1086 1492 Dccxcw.

391 1516 521 1551 Obitus
539 1516 615 1561 ejus
634 1516 731 1549 varie
748 1515 923 1549 refertur:
949 1517 1063 1560 placet
1080 1516 1275 1555 Odoranni,
1291 1515 1453 1549 monachi
1468 1515 1504 1549 S.
1523 1515 1621 1550 Petri
1640 1515 1725 1550 Vivi

343 1573 563 1612 Senonensis,
579 1573 755 1607 sententia
767 1573 806 1607 in
819 1572 987 1607 Chronici
1001 1572 1201 1619 fragmento
1215 1581 1381 1607 Deceln.
1405 1577 1427 1592 ‘⁶
1440 1572 1540 1606 Obiit
1550 1572 1724 1607 Alcuinus

342 1631 572 1676 philosophus
590 1630 668 1664 abb.
688 1629 723 1663 S.
745 1630 908 1664 Martini.
952 1630 1119 1674 Sepultus
1137 1630 1181 1664 ad
1200 1629 1237 1664 S.
1258 1630 1411 1664 Paulum
1429 1631 1472 1663 de
1489 1630 1724 1670 Cormariaco,

342 1688 437 1733 quod
454 1687 706 1721 monasterium
724 1688 762 1721 in
780 1688 892 1731 ipsius
910 1687 1063 1733 gratiam
1077 1686 1242 1722 fundavit
1256 1686 1404 1721 Carolus
1419 1687 1606 1732 Magnus.”
1633 1687 1725 1721 Mal-

346 1745 499 1779 mesbur.
518 1744 578 1777 lib.
599 1753 622 1777 1.
643 1743 780 1778 Histor.
800 1744 890 1789 Reg.
908 1744 1017 1789 Angl-

390 1801 548 1835 Tantum
566 1805 601 1834 et
619 1802 725 1834 talem
743 1801 861 1834 virum
879 1812 951 1834 non
968 1801 1072 1835 modo
1089 1801 1251 1846 Anglum
1274 1801 1435 1835 nonnulli
1459 1801 1580 1840 fecere,
1605 1802 1665 1835 sed
1688 1807 1723 1835 et

342 1858 495 1897 Gallum,
521 1862 562 1891 ut
588 1857 625 1891 in
652 1857 826 1891 Chronico
852 1857 1111 1892 Canonicorum
1138 1858 1371 1903 Regularium
1398 1859 1492 1902 apud
1518 1858 1723 1892 Zachariam

342 1915 569 1949 Vicentinum
596 1914 865 1949 Benedictinum
892 1925 934 1948 ex
959 1914 1096 1948 Joanne
1123 1915 1165 1948 de
1188 1914 1303 1960 Nigra
1324 1914 1436 1954 Valle,
1458 1914 1722 1949 bibliothecario

342 1972 541 2017 apostolico,
560 1972 598 2005 in
616 1971 812 2011 chronicis,
832 1972 970 2017 epilogo
993 1980 1083 2005 X111.
1110 1982 1185 2016 cap.
1205 1980 1324 2005 xvln.
1350 1970 1408 2006 Jo.
1435 1971 1622 2016 Philippus
1649 1971 1723 2006 No-

343 2029 513 2064 variensis
538 2028 597 2062 lib.
627 2037 662 2061 v.
690 2028 856 2063 Chronici
883 2040 957 2073 cap.
978 2037 1031 2063 V1.
1084 2028 1151 2062 Sed
1169 2039 1251 2063 suos
1269 2029 1313 2062 ad
1331 2039 1368 2063 se
1386 2027 1501 2062 Gallia
1517 2027 1720 2074 Angliaque

342 2087 518 2125 admittat,
541 2089 604 2119 aut
621 2086 697 2131 lege
720 2085 868 2130 antiqua
890 2086 1056 2126 vindicet,
1075 2085 1213 2120 Scotiae
1231 2085 1352 2121 Scotos
1370 2086 1557 2130 relinquat.
1611 2085 1720 2121 Plura

342 2144 379 2177 in
396 2143 582 2187 Apparatu
599 2142 735 2177 Scotico
752 2153 832 2188 pag.
853 2151 933 2177 CLI.

812 2258 847 2291 S.
874 2257 1133 2294 ALFRICUS.
1188 2261 1244 2292 14.

340 2372 376 2406 S.
403 2372 622 2411 ALmucUs‚
649 2373 832 2417 episcopus
858 2377 893 2407 et
917 2379 1066 2419 martyr,
1092 2375 1142 2408 ait
1167 2374 1321 2409 Joannes
1348 2386 1369 2408 a
1396 2373 1511 2420 Nigra
1540 2373 1641 2408 Valle
1667 2374 1718 2409 bi-

338 2429 586 2464 bliothecarius
634 2431 856 2474 apostolicus,
908 2431 1041 2465 ordinis
1093 2431 1463 2471 Praemoustratensis,
1511 2432 1548 2465 in
1592 2430 1717 2475 Epito-

1021 2497 1047 2522 1)
