2032 2912
717 348 892 382 GENTIS
917 346 1193 386 SCOTORUM,
1216 347 1307 379 LIB.
1330 346 1394 379 111.
1686 347 1748 378 187

359 443 551 480 fluentibus
568 443 866 488 undecunquead
883 443 1021 477 scholae
1040 447 1288 477 ornamentum
1313 447 1348 477 et
1371 441 1458 476 viris
1483 440 1746 480 literatissimis‚

358 509 394 537 et
411 502 634 537 auditoribus
650 500 930 536 modestissimis.
980 500 1084 534 Hect.
1100 500 1227 535 Boeth.
1242 500 1303 535 lib.
1319 509 1404 534 XVI.
1420 500 1550 546 pagina
1564 507 1744 533 cccxml.

359 560 478 594 Multa
496 560 649 604 scripsit.
1733 562 1735 565 '

507 617 683 652 Paratitla
715 616 968 656 Decretalium,
1012 627 1103 660 quae
1145 614 1279 649 fatetur
1321 627 1358 650 se
1401 616 1532 650 vidisse
1570 614 1747 649 Henricus

556 674 791 720 Scrimgerus,
821 674 924 719 cujus
953 673 1114 717 exemplo
1143 672 1238 706 idem
1268 684 1356 718 opus
1393 685 1507 718 nuper
1543 672 1748 718 procuravit

554 731 760 766 Alexander
777 731 1023 766 Chassanaeus
1042 730 1239 764 Parisinus.

506 790 682 824 Reductio
699 791 857 823 locorum
875 788 1018 823 Decreti
1036 786 1211 828 Gratiani,
1229 787 1268 821 in
1285 787 1420 822 Biblio-

555 847 655 882 theca
668 846 835 892 juridica,
1399 846 1460 880 lib.
1481 856 1506 881 1.

504 905 560 939 De
578 904 746 939 Censuris
765 904 956 938 Tractatus
1395 904 1457 938 lib.
1478 913 1503 938 Ι.

506 962 562 997 De
581 962 927 1006 Praescriptionibus
945 962 984 996 in
1001 962 1157 997 Materia
1173 961 1366 996 beneficiali
1397 961 1458 996 lib.
1480 971 1506 997 1.

507 1020 563 1055 De
581 1020 605 1054 J
607 1020 708 1054 udice
725 1020 887 1066 delegato
1399 1020 1460 1054 lib.
1481 1029 1505 1053 1.

509 1078 555 1112 In
578 1078 745 1112 Titulum
768 1078 811 1111 de
829 1078 924 1112 Foro
945 1078 1159 1123 competenti
1185 1078 1409 1112 Commenta-

562 1136 648 1176 rius,
655 1147 761 1180 quem
772 1136 895 1170 laudat
906 1136 1036 1171 alicubi
1048 1136 1270 1183 Eguinarius
1282 1135 1388 1177 Baro,
1400 1135 1462 1170 lib.
1481 1145 1507 1170 ῐ.

506 1194 696 1228 Orationes
1399 1194 1460 1229 lib.
1481 1203 1506 1228 1.

411 1252 546 1287 Docere
565 1251 720 1296 incoepit
738 1262 831 1285 anno
850 1260 1045 1286 MCCCCXI.
1064 1252 1207 1297 quando
1225 1252 1363 1292 obierit,
1381 1263 1454 1286 non
1471 1253 1651 1297 deprendi.

731 1365 895 1401 DAVID
922 1365 1246 1401 CRANSTOUN.
1299 1369 1381 1402 341.

360 1483 499 1518 DAVID
528 1482 743 1522 Cranstoun,
774 1493 876 1516 rarae
903 1481 1105 1526 probitatis,
1133 1485 1169 1515 et
1198 1482 1310 1517 felicis
1338 1483 1484 1529 ingenii,
1513 1483 1604 1517 dura
1634 1487 1669 1517 et
1699 1494 1756 1516 ex-

360 1542 470 1576 ercita
493 1542 686 1587 juventute
715 1540 890 1575 laboriose
920 1539 1030 1573 bonas
1065 1544 1158 1574 artes
1193 1540 1361 1575 Lutetiae
1391 1540 1526 1581 didicit,
1558 1552 1598 1575 ac
1632 1540 1757 1574 deinde

361 1599 482 1634 docuit
503 1610 634 1645 magna
657 1599 763 1633 fama.
817 1597 917 1632 Inter
934 1597 1174 1632 benefactores
1192 1597 1343 1644 Collegii
1363 1598 1597 1633 Montisacuti
1619 1599 1758 1643 reponi-

362 1662 433 1697 tur,
459 1657 555 1702 quod
580 1667 812 1701 quaecunque
838 1667 882 1689 ex
904 1655 1156 1689 honestissimo
1179 1656 1298 1689 labore
1324 1656 1554 1700 professionis
1578 1656 1630 1689 illi
1655 1656 1758 1689 obve-

362 1718 500 1754 nerant,
527 1718 741 1748 testamento
768 1714 926 1758 ejusdem
955 1713 1022 1746 loci
1048 1713 1264 1756 pauperibus
1295 1714 1451 1757 reliquit,
1478 1725 1629 1758 quorum
1657 1724 1758 1757 asper

363 1771 450 1805 adeo
474 1772 589 1805 victus
618 1775 683 1810 est,
705 1775 747 1805 ut
770 1770 860 1804 nulli
884 1770 1050 1804 ordinum
1075 1769 1109 1803 S.
1133 1770 1179 1804 R.
1203 1770 1249 1804 E.
1276 1771 1523 1816 religiosorum
1550 1771 1756 1815 disciplinae

364 1830 615 1864 ecclesiasticae
633 1829 822 1863 severitate
840 1839 912 1862 non
929 1832 1076 1862 certent.
1128 1827 1189 1863 Ab
1206 1839 1247 1863 eo
1264 1829 1339 1862 vidi
1357 1828 1554 1873 publicatas
1573 1828 1733 1867 Parisiis,

512 1887 702 1921 Orationes
1406 1886 1466 1920 lib.
1487 1895 1512 1920 1.

510 1944 646 1979 Votum
664 1945 709 1978 ad
726 1944 772 1978 D.
791 1944 1051 1990 Kentigernum
1405 1944 1465 1978 lib.
1486 1953 1511 1977 Ι.

513 2001 697 2047 Epistolas
1404 2002 1464 2036 lib.
1486 2011 1511 2036 Ι.

416 2060 687 2094 Testamentum
706 2061 863 2095 condidit
888 2072 981 2095 anno
1001 2069 1141 2095 MDXII.
1192 2060 1346 2095 ,Iacobus
1370 2059 1551 2094 Breullius
1573 2059 1755 2105 Antiquit.

369 2118 539 2153 Parisien.
567 2118 627 2152 lib.
649 2127 691 2152 11.
718 2130 800 2164 pag.
829 2127 1064 2152 DeLxxxrx.
1117 2117 1256 2152 Mentio
1281 2117 1390 2151 etiam
1415 2118 1453 2151 in
1480 2118 1567 2152 actis
1593 2119 1753 2152 rectoriis

367 2183 402 2210 et
420 2176 672 2221 procuratoriis
691 2177 849 2222 ejusdem
867 2177 1076 2211 academiae.

688 2291 911 2327 JACOBUS
938 2291 1300 2327 CRICHTONIUS.
1352 2294 1435 2327 342.

369 2407 549 2442 JACOBUS
584 2407 823 2448 Crichtonius,
858 2409 933 2443 sive
968 2408 1162 2449 Critonius,
1197 2409 1330 2443 illustri
1365 2408 1501 2443 familia
1535 2409 1664 2443 Clunia
1703 2421 1762 2443 na-

370 2471 439 2506 tus,
473 2466 509 2499 in
538 2466 655 2511 patrio
683 2466 870 2512 gymnasio
904 2466 1021 2511 prima
1056 2467 1246 2502 Musarum
1280 2467 1457 2512 stipendia
1491 2469 1633 2507 meruit,
1670 2467 1761 2506 inde,
