2032 2912
699 348 876 382 GENTIS
900 348 1178 388 SCOTORUM‚
1202 349 1292 382 LIB.
1316 349 1394 382 VII.
1677 354 1740 386 307

347 447 425 477 tum
458 454 496 477 se
528 442 661 478 divinis
695 454 914 484 consecrans,
949 455 1059 489 prope
1092 444 1323 486 Dunelmum,
1361 457 1453 491 quae
1486 450 1572 481 tunc
1609 446 1736 482 civitas

347 500 504 535 Scoticae
529 501 676 535 ditionis
703 505 790 542 erat,
818 501 1035 536 eremiticam
1062 502 1177 537 vitam
1202 503 1358 537 animose
1385 505 1634 549 praesumpsit,
1662 506 1738 551 glo-

346 558 440 592 riose
464 558 649 593 sustinuit.
700 558 844 593 Exinde
870 558 1022 593 Terram
1047 558 1214 594 Sanctam
1238 561 1447 606 peregrinus
1472 562 1651 603 lustravit,
1675 563 1737 597 do-

345 626 516 661 mumque
549 616 588 650 in
621 615 779 651 Scotiam
813 616 963 656 rediens,
998 615 1036 651 S.
1068 616 1241 651 Jacobum
1271 618 1309 652 in
1337 618 1470 653 Galitia
1500 620 1673 661 adoravit,
1702 626 1737 655 et

346 673 385 707 in
412 673 621 708 austeritate
651 673 747 708 vitae
773 684 1015 718 perseverans,
1040 674 1198 709 monitus
1224 686 1246 709 a
1270 675 1306 709 S.
1333 675 1514 711 Cudberto
1539 676 1654 719 Scoto,
1681 690 1734 713 se-

345 730 501 764 cundum
535 730 573 764 in
607 730 827 765 Palestinam
856 732 926 765 iter
958 730 1222 766 ferventissimo
1251 733 1395 777 pietatis
1429 734 1557 769 affectu
1591 736 1733 771 direxit.

347 786 447 822 Haec
464 787 597 822 Matth.
617 788 720 823 Paris
738 789 778 822 in
803 788 984 823 Richardo
1010 788 1060 823 ΙΙ.
1085 794 1122 824 01
1147 788 1354 825 Matthaeus
1380 790 1736 828 Westmonasterien-

344 845 393 879 sis
422 846 468 880 ad
493 856 627 880 annum
651 855 753 880 Mcx.
806 846 937 881 Redux
961 847 999 880 in
1025 846 1182 882 Scotiam
1206 852 1288 892 post
1312 848 1498 894 sexaginta
1514 854 1607 884 totos
1625 862 1736 886 annos

344 903 382 937 in
409 914 527 938 eremo
552 904 733 944 toleratos,
758 904 795 938 S.
823 903 989 939 Andreae
1014 904 1199 949 episcopus
1225 904 1296 939 fuit
1320 906 1462 947 electus,
1489 911 1525 941 et
1549 906 1735 953 Edgarum

345 972 476 1007 regem,
511 960 574 995 SS.
611 961 793 996 Malcolmi
827 967 863 997 et
902 962 1127 1009 Margaretae
1161 962 1275 997 filium
1309 970 1489 1008 quartum,
1524 975 1623 999 sacro
1661 967 1736 1001 oleo

343 1019 471 1060 unxit3
498 1023 534 1053 et
551 1019 637 1064 quia
654 1023 737 1054 ante
754 1031 875 1066 regem
892 1020 995 1054 illum
1012 1020 1133 1054 nullus
1154 1019 1194 1054 111
1219 1019 1338 1055 Scotia
1354 1022 1443 1068 ungi
1460 1022 1605 1062 solebat,
1631 1023 1735 1058 Hect.

342 1076 471 1111 Boeth.
490 1077 551 1111 lib.
572 1080 647 1111 XII.
665 1076 823 1112 Joannes
841 1077 1011 1112 Leslaeus
1028 1078 1090 1112 lib.
1109 1086 1164 1112 VI.
1187 1077 1344 1113 Joannes
1363 1079 1484 1125 Major
1505 1080 1566 1115 lib.
1587 1089 1647 1114 111.
1671 1081 1736 1115 Hi-

343 1140 430 1168 stor.
457 1134 613 1181 Magnae
640 1134 850 1170 Britanniae
880 1146 956 1180 cap.
988 1144 1046 1170 XI.
1078 1136 1157 1170 ideo
1182 1135 1415 1171 insulsissime
1439 1138 1574 1184 colligit
1592 1137 1736 1182 ,Guber-

342 1197 401 1227 tus
436 1191 686 1227 Genebrardus
720 1192 759 1227 in
793 1192 1035 1240 Chronologia
1067 1193 1113 1227 ad
1146 1204 1281 1227 annum
1316 1202 1499 1229 chvnl.
1530 1195 1625 1230 hunc
1655 1196 1737 1231 Sco-

343 1255 464 1285 torum
505 1261 633 1297 regum
674 1249 785 1284 fuisse
820 1251 1000 1295 primum3
1040 1251 1143 1296 quasi
1181 1252 1256 1285 sola
1289 1252 1481 1293 coronatio,
1515 1253 1637 1298 clypeo
1671 1254 1737 1288 im-

342 1308 484 1353 positio,
514 1308 676 1349 elevatio,
708 1319 891 1343 armorum
915 1309 1074 1349 traditio,
1105 1309 1321 1350 acclamatio,
1349 1321 1469 1356 regem
1495 1312 1590 1355 apud
1620 1312 1736 1346 varias

340 1369 464 1411 gentes
499 1377 572 1400 non
605 1365 748 1400 faceret.
810 1365 879 1400 Sed
914 1366 1011 1400 aliud
1045 1367 1150 1413 longe
1184 1366 1399 1408 mirandum,
1430 1368 1605 1402 vomicam
1639 1368 1737 1403 illam

341 1423 521 1467 impuram
547 1423 766 1463 stoliditatis,
793 1422 970 1457 Joannem
993 1423 1188 1464 Pitsaeum,
1212 1434 1295 1457 eum
1317 1423 1480 1470 Anglum
1505 1425 1630 1465 facere,
1656 1437 1737 1460 cum

343 1484 482 1515 constet
499 1482 557 1515 vel
574 1480 698 1515 Balaei
724 1480 889 1526 magistri
915 1481 972 1514 sui
997 1480 1214 1521 testimonio,
1241 1482 1279 1515 in
1305 1480 1424 1515 Scotia
1448 1486 1585 1523 natum,
1614 1483 1738 1518 educa-

340 1543 431 1579 tum,
458 1538 571 1572 vitam
598 1538 816 1572 eremiticam
843 1538 997 1578 duxisse,
1025 1539 1070 1572 ad
1096 1538 1338 1583 episcopatum
1363 1544 1599 1583 assumptum,
1626 1541 1738 1575 vitam

341 1596 520 1636 clausisse,
539 1597 730 1640 sepultum,
750 1596 903 1640 denique
919 1596 1100 1630 miraculis
1113 1596 1332 1630 inclaruisse.
1383 1596 1552 1631 Leslaeus
1569 1598 1645 1631 loco
1662 1600 1737 1632 lau-

340 1653 424 1687 dato
450 1664 533 1699 pag.
561 1662 734 1687 ccxvm.
789 1652 1009 1687 Scotichron.
1033 1653 1094 1687 lib.
1122 1662 1176 1687 VI.
1205 1664 1281 1698 cap.
1309 1662 1426 1687 xxw.
1476 1654 1600 1689 Vitam
1623 1656 1734 1699 ipsius

340 1710 377 1744 N
379 1711 513 1745 icolaus
531 1711 787 1745 Benedictinus
805 1709 1069 1752 Dunelmensis,
1083 1711 1367 1757 congregationis
1383 1711 1637 1753 cluniacensis,
1657 1724 1734 1747 sex-

340 1769 464 1815 aginta
482 1769 585 1803 annis
602 1772 683 1813 post
701 1768 779 1814 ejus
797 1771 949 1802 mortem
967 1769 1199 1814 conscripsit;
1227 1780 1318 1814 quae
1336 1769 1444 1803 etiam
1462 1768 1607 1804 Scotum
1624 1769 1734 1805 fuisse

340 1827 485 1862 evincit.
537 1826 688 1871 Scripsit

488 1884 544 1919 De
561 1884 649 1919 Vita
666 1887 702 1918 et
719 1882 866 1918 Visione
884 1883 976 1919 Orni
1121 1885 1183 1920 lib.
1203 1894 1229 1920 1.
1281 1884 1361 1920 Hoc
1378 1896 1466 1930 opus
1484 1886 1660 1921 dedicavit
1678 1887 1734 1920 vir

537 1947 681 1976 sanctus
724 1941 881 1976 Simeoni
924 1941 1157 1977 Dunelmensi
1194 1943 1425 1987 praecentori,
1464 1943 1571 1977 etiam
1611 1955 1731 1978 mona·

539 2000 616 2035 cho.

489 2058 742 2093 Meditationes
760 2059 799 2093 in
817 2058 1033 2093 Psalterium
1210 2059 1271 2103 lib.
1291 2068 1317 2093 1.
1335 2059 1463 2094 habuit
1479 2060 1574 2093 enim
1594 2070 1730 2104 semper

538 2127 645 2161 penes
670 2128 717 2157 se,
749 2121 785 2150 et
810 2127 930 2151 secum
956 2117 1040 2151 tulit
1065 2115 1103 2149 in
1129 2116 1485 2163 peregrinationibus,
1516 2116 1730 2151 Psalterium

538 2174 625 2209 Divi
644 2174 870 2220 Hieronymi.

441 2272 444 2274 Α
489 2231 655 2278 Hymnos
674 2232 716 2266 de
734 2232 872 2266 Sanctis
1228 2232 1289 2266 lib.
1309 2240 1334 2265 1.

488 2289 741 2334 Paraphrasim
760 2291 798 2324 in
815 2289 839 2323 J
841 2290 885 2325 ob
1228 2289 1288 2324 lib.
1309 2298 1334 2322 1.

487 2347 612 2382 Flores
629 2346 895 2393 seripturarum
1228 2347 1289 2382 lib.
1310 2355 1335 2381 1.

390 2405 557 2441 Florebat
574 2416 667 2440 anno
686 2414 787 2441 Mox.
806 2411 848 2441 ut
865 2406 1011 2441 dictum.
