2032 2912
385 471 889 530 HISTORIAE
932 470 1698 528 EGCLESIASTIGAE

677 580 961 631 GENTIS
999 580 1403 631 SCOTORUM

881 706 1068 748 LIBER
1097 707 1196 749 VII.

792 846 829 882 S.
857 845 1144 882 GALLANUS.
1199 845 1284 882 556.

338 944 374 979 S·
406 942 642 979 COLUMBAE
676 941 843 986 discipuli
877 940 958 974 aliis
992 940 1244 975 eminentiores
1280 949 1355 975 ΧΗ.
1399 940 1511 976 fuisse
1551 941 1740 987 perhiben-

337 1007 422 1045 tur3
448 1013 493 1036 ex
515 1001 572 1035 his
598 1006 619 1021 ‘⁶
637 999 866 1039 Scandalaus,
894 997 1105 1044 Eoglodius,
1132 998 1327 1039 Totaneus,
1355 997 1567 1040 Moteferus,
1594 1004 1630 1034 et
1656 999 1741 1034 Gal-

334 1062 450 1100 lanus,
470 1071 511 1094 eo
528 1059 567 1094 in
586 1057 799 1093 Hiberniam
817 1056 1116 1097 transmittente,”
1134 1057 1185 1091 ait
1205 1056 1309 1091 Hect.
1330 1056 1460 1092 Boeth.
1478 1057 1540 1092 lib.
1561 1067 1618 1093 lx.
1640 1057 1738 1093 Hist.

336 1117 432 1152 Scot.
450 1128 534 1164 pag.
553 1124 712 1151 evan.
753 1114 859 1149 Joan.
878 1113 1048 1148 Leslaeus
1072 1114 1134 1149 lib.
1154 1123 1209 1149 1v.
1233 1126 1316 1162 pag.
1336 1124 1435 1150 cL11.
1473 1115 1600 1150 Sedem
1626 1121 1740 1151 statu-

334 1182 433 1210 entes
458 1175 497 1209 in
516 1174 605 1209 Iona
628 1174 757 1214 insula,
783 1172 971 1207 Scotorum
999 1171 1255 1219 Pictorumque
1280 1174 1445 1220 regiones
1463 1174 1533 1219 piis
1551 1174 1738 1209 lustrando

333 1233 537 1273 sudoribus,
564 1232 734 1272 docendo,
760 1230 977 1271 disserendo,
1004 1230 1201 1272 scribendo,
1226 1235 1422 1277 utrumque
1447 1233 1622 1278 populum
1647 1233 1740 1277 opti·

333 1291 402 1326 mis
428 1291 588 1326 moribus
615 1301 656 1324 ac
681 1289 854 1335 religione
878 1288 1097 1323 imbuerunt.
1150 1288 1238 1324 Fuit
1255 1301 1340 1337 ergo
1358 1291 1396 1324 in
1415 1289 1505 1325 Iona
1522 1290 1642 1325 insula
1659 1290 1739 1325 Sco·

331 1354 453 1384 torum
483 1350 543 1384 hic
571 1349 693 1389 abbas,
724 1347 827 1394 cujus
853 1346 1022 1392 frequens
1053 1347 1149 1392 apud
1179 1347 1216 1382 S.
1248 1346 1506 1383 Adamannum
1536 1349 1671 1383 mentio
1701 1350 1739 1383 in

332 1406 421 1442 Vita
438 1406 475 1442 S.
494 1407 700 1446 Columbae,
718 1406 802 1440 licet
819 1406 963 1439 nomine
981 1416 1120 1450 semper
1137 1411 1317 1451 corrupto,
1342 1411 1385 1441 ut
1407 1417 1473 1452 pro
1491 1406 1581 1442 Iona
1598 1408 1739 1453 legatur

332 1465 434 1500 Ioua.
457 1465 539 1500 Lib.
556 1474 581 1499 1.
596 1475 674 1509 cap.
688 1472 764 1498 XII.
779 1468 802 1483 ‘⁶
814 1463 914 1498 Inter
928 1461 1054 1497 Iouam
1068 1467 1104 1497 et
1117 1462 1287 1498 Ethicam
1298 1464 1330 1505 ;’'
1343 1468 1379 1498 et
1393 1475 1468 1509 cap.
1485 1473 1555 1499 xv,
1571 1469 1593 1485 “
1603 1465 1686 1510 Ipse
1699 1465 1738 1499 in

333 1522 424 1558 Ioua
440 1524 559 1558 insula
576 1533 816 1562 commanens,
834 1520 1017 1561 fratribus,
1036 1521 1099 1567 qui
1117 1521 1161 1555 ad
1179 1532 1346 1566 praesens
1364 1522 1517 1564 inerant,
1535 1534 1600 1568 per
1617 1524 1739 1558 omnia

332 1582 515 1617 enarravit
530 1581 562 1622 ;'’
598 1585 634 1615 et
660 1591 736 1625 cap.
761 1588 887 1614 XXIII.
919 1583 942 1598 “
964 1578 1117 1614 Sanctus
1147 1580 1187 1614 in
1217 1578 1308 1614 Ioua
1332 1591 1546 1615 conversans
1573 1582 1692 1616 insula
1706 1583 1737 1623 ;'’

331 1639 446 1684 capite
464 1648 568 1673 xxx.
590 1642 611 1658 “
629 1637 721 1672 Cum
740 1641 884 1672 sanctus
901 1637 940 1671 in
958 1636 1048 1671 Ioua
1065 1637 1244 1672 habitaret
1267 1637 1397 1679 insula,
1421 1649 1535 1673 unum
1554 1650 1599 1673 ex
1616 1639 1738 1675 fratri-

332 1698 397 1731 bus
416 1698 593 1731 advocans
608 1697 639 1738 ;'’
657 1696 718 1730 lib.
734 1704 777 1730 11.
792 1706 869 1740 cap.
885 1703 922 1729 V.
942 1698 964 1714 “
981 1694 1074 1730 Cum
1092 1699 1236 1730 sanctus
1255 1696 1295 1730 in
1313 1695 1402 1730 Ioua
1419 1697 1666 1733 demoraretur
1682 1699 1737 1733 in-

330 1756 447 1797 sula;”
458 1766 535 1800 cap.
548 1763 641 1789 XIII.
658 1759 679 1774 “
692 1754 913 1789 Baitheneus
924 1765 946 1788 a
958 1758 1066 1799 portu
1080 1753 1189 1788 lonae
1202 1754 1398 1800 enavigans
1407 1755 1438 1795 ;”
1456 1760 1492 1790 et
1502 1754 1563 1790 lib.
1576 1756 1736 1802 ejusdem

331 1813 450 1858 operis
468 1822 530 1848 111.
549 1817 571 1834 ‘⁶
588 1812 657 1858 Vir
674 1817 820 1847 sanctus
838 1812 876 1845 in
891 1811 981 1846 Ioua
997 1822 1213 1846 conversans
1230 1812 1359 1853 insula,
1374 1813 1602 1848 remotiorem
1615 1815 1661 1850 ab
1674 1815 1737 1850 ho-

331 1872 488 1906 minibus
499 1872 628 1912 locum,
641 1875 837 1916 aptumque
849 1870 891 1905 ad
906 1870 1115 1911 orationem,
1123 1870 1160 1904 in
1174 1870 1340 1905 salicibus
1352 1871 1530 1916 quaesivit
1538 1872 1569 1913 ;’'
1583 1883 1658 1918 cap.
1667 1882 1735 1908 xv.

333 1935 353 1949 “
371 1929 470 1964 Dum
489 1931 546 1965 vir
563 1930 788 1964 venerandus
807 1930 844 1963 in
863 1929 953 1964 Ioua
970 1933 1242 1963 conversaretur
1258 1929 1377 1963 insula
1390 1928 1424 1970 ;'’
1450 1934 1486 1964 et
1503 1941 1579 1976 cap.
1598 1940 1734 1967 XXVII.

332 1995 352 2007 “
372 1988 416 2022 In
435 1989 581 2023 occidua
598 1988 716 2022 insula
734 1987 823 2023 Ioua
841 1988 1043 2022 laborantes
1058 1987 1087 2021 :''
1113 1987 1244 2033 quibus
1267 1987 1433 2022 omnibus
1451 1989 1537 2023 locis
1555 1990 1736 2036 corrigen-

332 2048 417 2081 dum
436 2052 500 2088 est,
521 2044 618 2081 Iona
635 2043 767 2080 insula.
820 2046 890 2081 Est
916 2046 1010 2081 enim
1038 2046 1083 2080 ad
1109 2046 1324 2080 occidentem
1350 2045 1501 2088 Scotiae,
1528 2047 1567 2081 in
1594 2048 1736 2084 Oceano

333 2105 595 2139 Deucaledonio
620 2105 748 2150 posita,
778 2105 967 2139 sanctitate
994 2104 1040 2138 D.
1068 2103 1274 2146 Columbae,
1308 2109 1344 2139 et
1369 2106 1596 2141 monasteriis
1623 2106 1669 2141 ab
1694 2119 1736 2142 eo

334 2163 455 2197 multis
473 2163 562 2197 inibi
581 2163 718 2203 erectis,
737 2163 1026 2203 celebratissima,
1050 2173 1178 2209 regum
1202 2163 1310 2197 etiam
1336 2163 1524 2197 Scotorum
1548 2165 1735 2209 sepultura

334 2220 532 2261 nobilitata,
560 2221 623 2265 qui
651 2221 765 2256 honor
788 2233 809 2255 a
834 2221 1009 2267 Fergusio
1036 2220 1085 2255 ΙΙ.
1113 2232 1196 2267 rege
1220 2221 1382 2261 collatus,
1406 2222 1469 2266 qui
1493 2227 1528 2256 et
1552 2222 1733 2257 abbatiam

335 2279 463 2312 ibidem
507 2279 731 2325 magnificam
766 2280 946 2314 exstruxit
980 2280 1073 2314 circa
1106 2290 1241 2314 annum
1277 2288 1484 2314 ccccxxx.
1513 2281 1640 2315 salutis
1667 2281 1734 2316 hu-

333 2348 429 2371 man.
465 2336 593 2371 Boeth.
612 2338 672 2371 lib.
689 2347 760 2372 vn.
781 2338 921 2373 Histor.
941 2338 1034 2372 Scot.
1051 2349 1132 2384 pag.
1152 2347 1268 2372 cmx.
1304 2338 1435 2373 Postea
1448 2338 1600 2373 Sconam
1615 2342 1732 2384 sepul-

334 2403 416 2431 tura
441 2407 566 2443 regum
593 2399 778 2438 translata,
809 2397 870 2431 sed
896 2397 1010 2431 serius
1038 2397 1092 2430 uti
1119 2401 1154 2431 et
1182 2395 1364 2438 pertham,
1393 2408 1473 2431 cum
1499 2397 1617 2432 medio
1643 2402 1732 2432 tem-

333 2466 418 2500 pore
442 2455 479 2489 in
505 2455 721 2490 monasterio
746 2454 1053 2490 Dumfermelinae
1079 2454 1123 2489 ab
1145 2453 1293 2501 Edgaro
1318 2454 1346 2489 Ι.
1375 2466 1498 2490 omnes
1523 2466 1624 2502 reges
1651 2466 1733 2490 con-
