2032 2912
337 322 376 351 14
714 313 942 347 HISTORIA
966 310 1336 344 ECCLESIASTICA

339 414 486 459 Anglos,
517 421 636 445 omnes
665 409 823 443 omnium
853 408 1013 453 gentium
1044 407 1244 450 scriptores,
1277 410 1313 439 et
1341 409 1419 438 acta
1456 402 1559 436 MSS.
1597 403 1717 437 acade-

342 472 430 504 miae
448 468 667 506 parisiensis,
684 466 813 511 quibus
831 469 969 499 constat
986 474 1178 498 assessores
1196 467 1337 496 tantum
1354 465 1509 505 quatuor
1526 460 1655 494 habere
1672 461 1718 493 ab

339 528 440 561 initio
457 526 611 565 solitum,
631 524 692 568 qui
709 528 953 567 procuratores
971 523 1080 566 vulgo
1103 520 1199 560 dicti,
1225 519 1375 559 Scotiae,
1394 517 1578 558 Franciae,
1598 517 1719 551 Picar-

336 585 422 623 diae,
446 588 480 616 et
498 581 736 621 Normaniae;
763 580 934 624 paulatim
954 579 1089 618 deinde,
1109 583 1149 611 ut
1166 577 1217 616 fit,
1236 577 1338 623 gravi
1356 575 1463 610 exilio
1480 575 1660 609 academia
1677 586 1718 608 ea

336 640 401 674 sub
427 639 598 674 Ludovici
625 638 682 672 Pii
707 636 944 681 impubertate
970 635 1109 675 afflicta,
1138 645 1216 668 cum
1244 634 1381 668 tardius
1412 632 1509 667 Scoti
1535 632 1717 667 convenis-

334 703 421 738 sent,
440 697 549 743 Angli
568 696 711 730 titulum
731 704 1006 739 praesumpsere,
1026 697 1067 726 ut
1084 703 1174 737 quae
1192 692 1291 736 prius
1308 692 1407 725 natio
1424 690 1561 724 Scotiae
1579 689 1716 723 diceba-

335 761 405 793 tur,
423 754 622 799 Anglicana
638 753 884 796 appellaretur,
903 761 996 784 nunc
1014 760 1097 783 vero
1116 749 1327 783 Germanica
1351 748 1462 788 audit,
1488 747 1526 780 in
1549 748 1717 781 ultimum

335 813 447 845 locum
466 811 614 855 rejecta:
641 820 731 853 quae
749 809 867 842 omnia
884 819 927 841 ex
945 807 1031 841 actis
1049 807 1207 852 ejusdem
1231 806 1386 839 nationis
1412 804 1518 838 MSS.
1546 805 1715 848 excerpsi.

333 868 391 901 Ad
426 869 519 908 llaec,
550 879 570 900 a
600 866 722 910 primis
752 865 826 899 suis
860 865 1081 898 incunabulis
1116 864 1294 897 academia
1323 864 1393 896 ista
1422 863 1544 896 Scotos
1579 872 1718 905 semper

336 925 612 958 eminentissimo
641 924 716 957 loco
746 921 960 966 professores
990 920 1082 955 fovit
1111 921 1148 954 in
1181 920 1392 954 hodiernum
1418 920 1523 953 diem.
1576 918 1644 952 Sed
1671 918 1715 951 ad

332 982 522 1018 Alcuinum
541 985 745 1019 nostratem,
763 979 919 1022 primum
937 978 1044 1022 huJus
1062 978 1260 1011 academiae
1278 981 1472 1021 parentem,
1490 976 1605 1010 redeo.

382 1039 423 1071 In
451 1037 628 1071 Francicis
654 1036 851 1075 annalibus,
880 1040 915 1068 et
937 1035 1031 1078 apud
1055 1034 1303 1080 Rheginonem
1331 1033 1576 1068 Prumiensem
1602 1032 1715 1067 Alah-

331 1096 455 1134 winus5
482 1106 502 1128 a
527 1094 704 1127 nonnullis
730 1092 907 1131 Alwinus,
933 1091 970 1125 id
996 1096 1061 1132 est,
1087 1092 1244 1135 undique
1268 1102 1345 1125 rem
1370 1101 1489 1137 agens,
1517 1095 1558 1125 ut
1576 1089 1714 1125 Pontus

332 1152 508 1185 Heuterus
526 1151 563 1184 in
581 1150 725 1195 Etymis
743 1149 872 1194 prodit.
901 1148 1077 1183 Henricus
1095 1148 1261 1182 Canisius
1279 1149 1370 1182 male
1387 1147 1582 1194 Anglicum
1600 1152 1714 1187 vocat,

330 1210 425 1242 nullo
443 1213 651 1253 argumento
669 1207 852 1251 probabili,
881 1217 961 1240 cum
987 1205 1113 1240 Scotus
1135 1205 1256 1245 fuerit,
1282 1210 1322 1239 ut
1341 1205 1501 1249 plerique
1519 1205 1579 1238 alii
1604 1216 1644 1238 eo
1661 1216 1713 1238 se-

331 1267 417 1304 culo,
437 1264 587 1298 Eboraci
607 1265 643 1297 in
660 1264 794 1309 Anglia
812 1263 981 1297 nutritus.
1033 1262 1270 1296 Continuator
1287 1262 1406 1296 Bedae
1423 1262 1483 1295 lib.
1503 1262 1619 1306 primo
1637 1273 1710 1306 cap.

332 1332 385 1355 1x.
437 1322 556 1360 Quare
574 1322 648 1365 ipse
666 1323 768 1364 epist.
787 1329 875 1353 XXI.
895 1320 1081 1354 educatum
1100 1330 1137 1353 se
1154 1318 1307 1352 Eboraci
1331 1318 1473 1353 videtur
1494 1319 1652 1358 innuere,
1678 1324 1712 1352 et

330 1381 430 1424 epist.
450 1387 566 1411 xxxv,
594 1378 661 1411 Sed
679 1382 797 1411 tamen
814 1377 858 1411 ad
876 1377 997 1411 Scotos
1015 1376 1171 1410 scribens
1188 1377 1417 1409 vernaculum
1434 1387 1471 1409 se
1490 1382 1592 1410 vocat
1609 1376 1711 1420 epist.

334 1445 446 1470 xxvl.
470 1446 662 1479 rursusque
684 1435 779 1478 apud
800 1433 1152 1468 Malmesburiensem
1171 1433 1231 1466 lib.
1253 1442 1279 1466 1.
1305 1432 1402 1466 Gest.
1421 1433 1531 1479 Angl.
1560 1444 1634 1478 cap.
1654 1443 1711 1467 111.

332 1499 351 1512 ⁴‘
371 1491 450 1538 Ego
467 1492 634 1536 parabam
654 1491 696 1524 ad
716 1500 778 1524 vos
796 1491 927 1530 venire,
952 1491 989 1524 in
1006 1490 1159 1534 patriam
1177 1491 1308 1524 reverti
1325 1490 1353 1522 :”
1379 1491 1415 1523 id
1442 1501 1517 1524 esse
1543 1490 1710 1529 Scotiam,

333 1552 490 1584 oculatus
508 1550 616 1583 lector
632 1548 733 1582 facile
746 1547 932 1593 judicabit.

380 1606 605 1640 Hei-mannus
623 1604 853 1645 Kirchnerus,
871 1604 930 1638 lib.
948 1614 990 1638 11.
1005 1605 1048 1638 de
1062 1605 1187 1650 Legati
1201 1604 1226 1638 J
1228 1615 1300 1644 ure,
1315 1604 1512 1651 Dignitate‚
1527 1611 1561 1640 et
1575 1606 1711 1646 Officio,

329 1676 402 1708 cap.
423 1672 478 1696 lx.
507 1668 527 1682 ‘⁶
546 1662 738 1696 Alcuinum
766 1661 882 1707 (cujus
907 1666 1177 1696 monumentum
1204 1666 1240 1696 et
1265 1663 1465 1696 ossuarium
1490 1664 1608 1707 patria
1632 1674 1711 1698 mea

330 1721 529 1754 Hersfeldia
559 1720 724 1758 ostendit,
755 1719 793 1751 in
823 1719 1068 1763 antiquissima
1103 1718 1231 1764 regalis
1261 1730 1301 1752 ac
1331 1725 1515 1764 exemptae
1548 1720 1711 1754 abbatiae

327 1778 478 1815 ecclesia,
509 1787 598 1821 quae
624 1776 744 1810 eodem
771 1786 863 1809 anno
889 1787 959 1819 quo
986 1776 1194 1810 venerabilis
1221 1775 1321 1810 Beda
1346 1777 1504 1817 decessit,
1532 1779 1709 1812 humanae

328 1834 574 1879 redemptionis
592 1833 904 1878 septingentesimo
917 1838 1028 1873 sexto,
1045 1834 1187 1867 condita
1204 1838 1268 1873 est,
1286 1834 1388 1879 cujus
1406 1835 1708 1870 administrationi

325 1903 416 1925 nunc
444 1891 621 1935 temporis,
647 1901 726 1924 cum
754 1890 839 1924 haec
863 1890 1010 1924 editioni
1029 1891 1200 1924 secundae
1218 1891 1487 1932 committerem,
1506 1892 1709 1927 felicissime

324 1954 460 1992 praeest
479 1948 707 1981 reverendiss.
727 1952 763 1981 et
779 1947 956 1981 illustriss.
984 1947 1153 1991 Princeps
1172 1948 1271 1987 Otto,
1298 1947 1436 1994 Landg.
1457 1949 1619 1990 Hassiae,
1641 1948 1706 1983 &c.

330 2006 502 2038 illustriss.
524 2004 698 2048 Principis
717 2003 881 2038 Mauritii
905 2004 1175 2050 primogenitus,
1201 2006 1262 2049 qui
1287 2007 1331 2039 ad
1356 2006 1548 2041 celsissima
1571 2008 1707 2052 patriae

329 2063 469 2096 virtutis
493 2061 635 2106 fastigia
659 2061 920 2095 secundissimis
937 2062 1107 2107 gradibus
1131 2062 1326 2107 contendit)
1353 2074 1373 2096 a
1397 2062 1535 2097 Scotiae
1556 2075 1640 2110 rege
1663 2066 1707 2099 ad

326 2120 488 2153 Car-olum
508 2118 680 2163 Magnum
698 2119 845 2152 missum
864 2119 1020 2163 legatum
1039 2119 1240 2158 emansisse,
1265 2130 1409 2164 seseque
1433 2120 1470 2154 in
1493 2122 1648 2166 gratiam
1666 2134 1707 2156 ac

326 2177 426 2211 sidem
453 2180 488 2210 et
517 2175 669 2209 officium
695 2175 816 2221 magni
842 2175 990 2216 dedisse,
1017 2180 1180 2221 artesque
1206 2177 1337 2222 logicas
1363 2182 1399 2211 et
1423 2178 1704 2220 mathematicas,

325 2237 570 2277 astrorumque
587 2233 770 2267 scientiam
792 2233 1040 2277 imperatorem
1064 2234 1223 2268 docuisse
1245 2235 1454 2278 accepimus.
1507 2235 1605 2270 Bene
1626 2238 1706 2282 qui-

326 2291 404 2324 dem
421 2290 479 2323 ille
496 2290 557 2334 qui
577 2290 714 2334 imperii
732 2290 844 2324 nostri
862 2295 969 2334 caput
986 2292 1180 2335 sapientiae
1196 2292 1294 2326 fonte
1314 2292 1484 2338 irrigarit.
1528 2293 1597 2327 Sed
1614 2296 1706 2328 male

327 2347 420 2390 quod
439 2347 622 2392 legationis
639 2347 856 2391 provinciam
874 2348 1098 2382 deseruerit.'’

374 2403 490 2437 Bedae
500 2403 710 2448 discipulum
722 2414 792 2439 non
803 2405 921 2439 minus
927 2404 1165 2440 Trithemium
1178 2408 1287 2441 secuti
1299 2407 1452 2448 faciunt3
1468 2413 1504 2442 at
1517 2409 1591 2452 ipse
1601 2408 1702 2452 epist.
