2032 2912
335 311 397 342 122
713 306 944 339 HISTORIA
968 304 1340 337 ECCLESIASTICA

335 416 400 439 nor
418 405 481 438 tibi
508 402 731 448 potissimum
752 411 774 433 a
796 399 873 433 Deo
899 399 1106 440 destinetur,
1134 410 1199 433 nos
1220 410 1293 433 non
1318 399 1501 443 potuimus
1522 411 1594 434 non
1618 402 1717 447 sequi

335 474 414 495 eum
433 463 469 495 in
487 472 524 494 re
541 459 631 493 tanti
650 457 819 491 momenti
837 462 1033 496 vocantem,
1048 461 1082 490 et
1096 457 1161 491 tibi
1175 456 1374 502 significare
1392 461 1433 491 ut
1452 458 1718 501 expeditissima

334 518 516 563 diligentia
533 517 602 550 huc
619 515 774 554 festines,
792 518 834 547 ut
851 524 1004 557 pronum
1027 525 1113 560 erga
1135 518 1210 548 tam
1232 514 1360 548 bonam
1385 526 1528 549 causam
1551 515 1716 550 affectum

332 577 446 619 palam
466 575 582 608 facias.
622 572 702 617 Age
720 582 804 616 ergo
822 571 985 611 viriliter,
1003 572 1251 606 auctoritatem
1271 577 1369 606 tuam
1388 573 1590 616 impavidus
1610 574 1716 607 inter-

331 644 431 677 pone,
451 644 512 665 nec
530 632 699 665 honorem
717 628 782 663 tibi
800 628 959 662 debitum
977 628 1055 662 Deo
1072 629 1240 663 offerente
1258 641 1381 664 recusa
1397 640 1406 670 3
1434 631 1529 674 quod
1555 641 1619 664 nos
1645 632 1716 665 ala-

330 691 435 724 criter
453 695 487 723 te
504 688 682 722 facturum
699 686 918 725 confidimuS,
937 690 972 720 et
990 690 1134 730 sperant
1151 687 1268 726 multi,
1287 692 1413 731 optant
1437 699 1569 722 omnes.
1626 687 1716 723 Vale

331 748 553 791 Edimburgo
571 746 626 779 die
645 753 746 778 XVII.
766 742 942 787 Septemb.
963 744 1261 778 MDLXXXXV1.”
1313 744 1371 779 Ita
1387 745 1457 779 ille.

378 805 457 838 Hae
475 809 558 838 sunt
576 809 648 837 tam
667 803 744 846 piae
762 801 899 835 scholae
918 800 1149 834 calvinianae
1167 802 1402 841 velitationes,
1427 802 1513 836 haec
1535 804 1716 847 praeclara

328 867 478 897 novatae
504 860 683 906 religionis
709 859 801 892 inter
827 857 1050 892 Christianos
1072 858 1253 904 dogmata,
1280 859 1424 904 regibus
1448 871 1485 893 se
1511 861 1629 904 palam
1653 872 1716 905 op-

328 931 466 964 ponere,
502 917 767 952 multitudinem
801 916 844 949 ad
880 926 980 949 arma
1014 926 1152 956 vocare,
1182 917 1361 961 principes
1392 927 1541 951 coronae
1571 918 1715 962 propin-

327 979 466 1022 quiores
501 988 561 1021 spe
595 974 822 1009 successionis
857 974 894 1007 in
929 984 1054 1019 regum
1089 978 1197 1018 caput
1227 985 1377 1014 armare,
1409 975 1642 1009 conciliabula
1674 976 1714 1010 il-

325 1036 421 1069 licita
449 1035 485 1068 in
511 1033 711 1078 principum
738 1032 941 1076 perniciem,
968 1032 1159 1076 legumque
1188 1032 1457 1066 subversionem
1485 1032 1607 1067 crebro
1635 1044 1715 1068 con-

325 1104 458 1132 vocare,
488 1091 736 1136 magistratum
765 1100 972 1132 supremum
1003 1093 1039 1122 et
1067 1093 1331 1123 sacrosanctum
1361 1101 1425 1134 per
1455 1090 1530 1125 vim
1566 1102 1714 1136 praepo·

321 1156 412 1184 stero
446 1149 588 1193 pietatis
623 1147 770 1181 obtentu
806 1147 843 1180 in
878 1146 1039 1180 ordinem
1074 1146 1246 1192 redigere,
1281 1148 1419 1182 coelum
1453 1149 1601 1182 miscere
1643 1154 1714 1184 ter-

323 1220 392 1248 rae,
412 1207 529 1251 potius
548 1217 654 1250 quam
673 1205 813 1239 libidini
833 1216 917 1239 suae
938 1216 1010 1238 non
1034 1205 1203 1249 obsequi;
1228 1216 1301 1239 uno
1323 1206 1432 1240 verbo
1455 1206 1582 1248 dicam,
1608 1218 1713 1241 evan-

321 1266 451 1311 gelium
470 1265 556 1299 Jcsu
581 1263 717 1298 Christi
743 1263 927 1297 seditionis
953 1263 1115 1307 impurae
1141 1262 1326 1297 buccinam
1345 1263 1473 1304 facere,
1493 1270 1713 1310 unctumque

322 1336 342 1357 a
363 1323 517 1357 Domino
539 1321 672 1356 nefarie
696 1321 839 1355 violare.
892 1320 1019 1355 Comes
1044 1320 1304 1362 Hamiltonius,
1324 1326 1366 1355 ut
1392 1326 1469 1356 erat
1495 1323 1613 1367 sagaci
1638 1323 1714 1357 ani-

320 1392 390 1421 mo,
427 1391 669 1425 propensoque
692 1380 741 1414 *in
776 1390 896 1425 regem
930 1378 1111 1423 obsequio,
1151 1378 1336 1424 Majestati
1371 1390 1455 1413 suae
1490 1381 1613 1414 literas
1647 1380 1712 1414 has

320 1439 483 1477 ostendit,
518 1437 633 1472 verbis
667 1436 881 1482 quibusdam
914 1436 1100 1480 exemptis,
1135 1447 1207 1480 quo
1246 1441 1282 1471 et
1323 1447 1445 1483 regem
1488 1438 1710 1472 imminentis

319 1497 464 1540 periculi
488 1495 810 1534 commonefaceret,
837 1505 901 1528 nec
926 1499 1046 1528 tamen
1073 1495 1110 1528 in
1136 1494 1322 1528 ministros
1345 1496 1594 1536 exacerbaret3
1623 1507 1710 1541 qua-

319 1566 356 1588 re
384 1554 536 1588 Brusius
563 1553 773 1587 commotior
800 1552 971 1586 secundas
999 1552 1116 1586 denuo
1144 1553 1190 1586 ad
1219 1564 1301 1587 eum
1330 1553 1439 1594 dedit,
1468 1564 1622 1597 quarum
1651 1553 1709 1588 hic

318 1616 436 1656 typus.

368 1674 389 1688 “
401 1669 482 1702 Non
500 1679 644 1713 possum
662 1669 749 1702 satis
767 1668 893 1702 mirari
911 1679 967 1702 me
985 1668 1131 1712 impune
1145 1673 1180 1703 et
1194 1669 1375 1703 immerito
1389 1670 1439 1704 sic
1457 1681 1477 1703 a
1492 1673 1527 1703 te
1546 1669 1709 1710 traduci;

318 1727 423 1761 audio
441 1728 635 1766 literarum,
653 1737 741 1771 quas
760 1727 803 1760 ad
821 1730 857 1760 te
874 1726 967 1766 dedi,
987 1726 1122 1770 copiam
1142 1731 1178 1760 te
1195 1727 1270 1772 regi
1289 1726 1423 1767 fecisse,
1442 1728 1504 1761 sed
1529 1727 1580 1761 ita
1604 1727 1710 1761 vitia-

318 1790 383 1825 tas,
402 1790 593 1825 truncatas,
614 1789 648 1818 et
665 1785 886 1825 immutatas,
901 1788 944 1818 ut
958 1785 1019 1818 vix
1033 1784 1195 1818 umbram
1210 1785 1343 1818 nudam
1357 1785 1540 1830 prototypi
1554 1789 1707 1819 servent.

318 1842 475 1877 Sciebam
494 1847 528 1877 te
546 1854 684 1886 semper
701 1846 830 1876 natura
843 1841 953 1876 fuisse
966 1841 1117 1881 facilem,
1131 1853 1316 1887 nunquam
1330 1846 1451 1876 tamen
1464 1847 1568 1877 antea
1582 1842 1709 1886 proba-

317 1904 390 1935 tam
408 1901 579 1935 habebam
596 1900 801 1940 levitatem3
821 1904 856 1934 et
874 1900 965 1934 mihi
983 1904 1079 1934 certo
1096 1911 1318 1944 persuasum,
1338 1905 1504 1944 nepotem
1523 1904 1627 1934 tuum
1652 1911 1708 1935 co-

316 1959 437 1992 mitem
458 1958 677 1991 Huntlaeum
702 1968 885 2002 nunquam
907 1958 973 1991 hoc
996 1958 1034 1992 in
1059 1969 1116 1991 me
1141 1957 1329 1992 admittere
1357 1958 1521 1998 voluisse,
1548 1958 1643 2002 quod
1667 1962 1708 1992 tu

316 2026 409 2050 nunc
426 2016 550 2049 diceris
569 2015 794 2049 commisisse.
839 2014 876 2049 Si
894 2016 1007 2049 literis
1026 2016 1095 2049 illis
1114 2026 1212 2049 error
1230 2016 1367 2050 causari
1385 2020 1514 2059 potest,
1533 2016 1590 2049 hic
1610 2016 1707 2050 solus

317 2077 379 2112 est,
391 2074 483 2117 quod
500 2073 537 2106 in
551 2074 605 2107 tui
622 2073 765 2107 honoris
779 2074 1006 2117 praeconium
1025 2073 1220 2117 impensius
1239 2084 1346 2117 quam
1361 2084 1426 2117 par
1439 2078 1515 2107 erat
1530 2074 1706 2108 calamum

316 2131 454 2173 aptavi3
474 2131 533 2164 sed
549 2131 583 2164 id
598 2131 795 2171 ambitioni,
812 2131 849 2164 in
866 2142 975 2176 quam
989 2132 1181 2176 proclivem
1196 2135 1231 2164 te
1246 2130 1410 2171 sciebam,
1422 2131 1589 2165 concessi.
1624 2131 1705 2166 Rex

315 2187 470 2230 inquiete
489 2189 740 2228 stomachatur,
759 2190 862 2233 quasi
881 2200 946 2235 ego
963 2194 999 2223 te
1017 2189 1068 2222 illi
1087 2189 1327 2233 opposuerim,
1354 2194 1417 2223 aut
1441 2201 1565 2234 parem
1591 2189 1706 2225 facere

317 2246 499 2282 voluerim,
517 2246 611 2288 quod
629 2257 711 2279 sane
729 2257 914 2291 nunquam
933 2247 1022 2281 mihi
1041 2247 1078 2280 in
1096 2251 1251 2280 mentem
1266 2247 1375 2287 venit,
1389 2251 1495 2292 atque
1510 2247 1544 2280 id
1560 2247 1702 2292 quidem

315 2301 380 2334 hac
398 2302 532 2335 ratione
551 2306 702 2336 tentasse
717 2304 950 2338 amentissimi
970 2309 1005 2338 et
1023 2305 1343 2348 imprudentissimi
1358 2305 1506 2338 fuisset:
1532 2306 1592 2339 sed
1605 2316 1704 2340 mens

314 2358 404 2391 mihi
429 2359 532 2392 unica
560 2363 594 2392 et
622 2361 841 2403 propositum
868 2365 931 2395 tua
957 2362 1169 2396 auctoritate
1196 2366 1231 2395 et
1258 2361 1381 2396 favore
1407 2374 1549 2396 causam
1576 2356 1703 2403 meam,

313 2426 402 2459 quae
420 2415 582 2449 ecclesiae
600 2414 666 2450 Dei
685 2417 873 2462 conjuncta
886 2423 950 2458 est,
964 2419 1079 2459 tueri3
1109 2423 1215 2463 atque
1233 2419 1263 2453 is
1277 2420 1421 2464 quidem
1436 2420 1641 2454 tremendus
1652 2431 1703 2454 ec-
