2044 2992
450 463 511 493 Ast
527 461 628 492 animo
644 464 771 500 coeptus
786 467 898 499 magno
913 456 1046 488 divinior
1061 466 1167 494 ausus,

494 512 637 543 Numina
652 510 834 551 Scotigenae
848 509 976 551 prodere
991 509 1092 550 gentis
1108 515 1181 540 erat.

452 563 586 605 Ruperit
601 562 707 593 infelix
723 561 814 592 telam
830 561 902 592 licet
917 561 1054 603 Atropos
1070 571 1180 597 orsam,

494 616 567 646 Sera
584 622 686 646 tamen
703 623 822 645 sacrum
838 612 920 644 fama
934 612 1080 655 loquetur
1095 623 1182 654 opus.

519 764 573 794 IN
597 763 814 795 EJUSDEM
839 760 1216 794 PRAEMATURUM
1241 761 1438 793 OBITUM.

451 858 526 888 Non
543 863 607 888 erat
623 868 640 888 a
655 862 759 888 nostro
775 863 838 888 tam
855 855 972 887 distans
988 856 1069 887 orbis
1085 856 1124 887 ab
1140 855 1223 894 orbe,

492 910 593 946 Quem
609 920 672 940 non
687 908 866 950 Dempsteri
880 913 1019 939 nosceret
1034 906 1193 948 ingenium
1208 919 1214 937 :

451 962 527 992 Non
543 967 607 992 erat
623 961 655 992 in
670 966 774 992 nostro
790 967 852 992 tam
869 960 995 991 dissitus
1011 959 1143 1000 angulus
1160 959 1243 996 orbe,

492 1013 593 1050 Quem
610 1024 672 1044 non
687 1013 818 1054 repleret
833 1012 930 1043 didita
945 1012 1027 1042 fama
1042 1011 1118 1042 viri:

449 1066 599 1096 Restabat
616 1065 746 1102 coelum,
763 1071 897 1095 mentem
913 1063 1111 1105 praemiserat
1126 1062 1199 1094 illuc
1213 1075 1222 1098 ;

492 1117 598 1148 Incola
614 1123 649 1148 ut
665 1116 731 1158 ipse
746 1116 839 1154 foret,
856 1127 937 1147 mors
953 1114 1078 1156 inopina
1093 1114 1176 1146 facit.

448 1170 595 1200 Mortuus
611 1175 642 1200 at
658 1179 720 1199 non
736 1174 793 1206 est,
810 1178 867 1199 nec
882 1167 1024 1210 quamvis
1039 1178 1163 1209 pressus
1179 1168 1299 1205 acerba,

490 1221 588 1252 Hunc
603 1220 761 1251 moriendo
777 1219 856 1251 mori
871 1225 917 1251 tot
932 1226 1134 1251 monumenta
1149 1226 1264 1251 vetant.

448 1273 625 1315 Dempsteri
641 1283 753 1304 nomen
768 1282 929 1314 nunquam
945 1282 1053 1303 musea
1069 1272 1228 1309 tacebunt,

492 1325 601 1367 Hujus
617 1331 663 1357 tot
679 1324 800 1366 scriptis
815 1323 978 1355 nobilitata
993 1323 1087 1355 libris.

684 1430 830 1460 ‚Ioannes
851 1428 1008 1459 Thuilius
1023 1429 1254 1459 Mariaemont.
1277 1429 1430 1460 Titolens.
1450 1430 1683 1460 Humanitatis*

886 1481 1019 1511 Patavii
1036 1481 1223 1512 Primarz'us
1240 1482 1415 1521 Interpres,
1433 1491 1471 1511 m.
1487 1492 1519 1521 p.

394 1666 662 1699 LUDOVICUS
686 1663 1080 1697 BONCOMPAGNUS
1104 1665 1233 1697 VIRD.
1258 1666 1562 1703 AL'STRASILS,

495 1751 678 1781 OBSEQUII
695 1751 812 1781 ERGO,
832 1750 862 1776 P.
885 1750 923 1776 IN
942 1749 1039 1776 TREs
1058 1750 1313 1777 CLARISSIMOS
1332 1751 1455 1780 VIROS,

723 1826 848 1852 HUJUS
868 1825 1007 1852 OPERIS
1024 1825 1226 1851 EDITORES.

448 1954 525 1984 Tres
542 1963 625 1984 unus
641 1952 712 1983 olim
729 1951 807 1983 vidit
823 1952 855 1983 in
870 1951 954 1983 coelo
970 1951 1034 1982 dies

448 2006 582 2047 Fulgere
598 2005 686 2042 soles,
703 2005 818 2046 grande
834 2011 962 2035 naturae
979 2004 1084 2041 decus,

450 2059 646 2099 Magnaeque
660 2057 763 2088 forsan
779 2056 894 2098 grande
909 2056 1084 2098 prodigium
1102 2056 1153 2087 rei.

450 2109 584 2147 Miraris,
602 2115 694 2151 atque
710 2109 811 2150 majus
826 2108 884 2140 hoc
899 2114 1036 2139 monstro
1051 2110 1166 2150 putas?

447 2162 531 2199 Quid
547 2168 607 2192 tres
622 2161 654 2191 in
670 2171 733 2192 una
747 2166 837 2191 nocte
853 2160 878 2191 si
894 2160 998 2191 videas
1014 2160 1078 2191 solo

452 2214 568 2245 Lucere
584 2212 727 2244 Phoebos
743 2212 853 2243 clarius
870 2211 1012 2243 Phoebes
1027 2212 1113 2254 poli?

450 2266 501 2296 En
517 2276 605 2296 cerne
622 2265 775 2302 anmr,
792 2264 961 2295 maximum
978 2265 1086 2295 Scotae
1102 2264 1207 2302 decus,

450 2317 619 2358 Gentisque
634 2317 756 2347 lumen:
775 2327 863 2347 cerne
879 2316 1110 2358 Dempsterium
1129 2320 1202 2352 Σοφὸ»

451 2368 543 2399 Orbis
558 2368 743 2399 relucentem
760 2369 833 2399 orbe
848 2368 880 2399 in
895 2374 1021 2399 externo
1039 2368 1121 2399 Scoti
1134 2381 1139 2398 :

452 2421 496 2451 Et
512 2420 719 2451 BASSIANL'M
736 2431 836 2458 cerne,
853 2431 914 2462 quo
929 2420 1028 2461 fulget
1045 2431 1128 2451 sacer

452 2472 537 2503 Ordo
553 2472 661 2503 decoro
677 2472 784 2510 sidere,
801 2478 832 2503 et
847 2472 962 2514 gaudet
978 2483 1043 2503 suo.

453 2524 499 2555 Hi
515 2531 574 2555 tres
590 2524 621 2555 in
638 2535 699 2556 uno
711 2524 776 2566 jam
792 2523 892 2555 nitent
907 2523 1028 2556 Phoebi
1042 2523 1129 2554 libro.
