2032 2912
690 363 866 397 GENTIS
890 364 1166 404 SCOTORUM,
1191 365 1280 398 LIB.
1308 366 1383 398 VII.
1660 369 1724 399 303

335 467 422 490 num
450 456 527 503 ejus
555 457 729 499 Historia,
759 469 832 493 non
857 459 1031 493 succurrit
1056 471 1078 494 a
1101 471 1173 505 quo
1198 460 1373 505 pontifice,
1405 472 1469 496 nec
1497 472 1569 507 quo
1595 463 1722 497 seculo.

332 513 425 560 Ejus
443 520 497 550 est

480 573 643 607 Historia
661 573 799 607 Scotiae
1258 575 1318 609 lib.
1339 585 1364 610 1.
1401 575 1593 623 Catalogus
1604 576 1722 612 Maiae

529 631 624 675 apud
641 630 665 664 J
667 642 717 664 ac.
737 630 979 675 Cheynaeum.

478 687 619 722 Foedus
634 688 728 722 inter
740 687 857 734 Reges
871 687 1009 723 Scotiae
1023 692 1057 723 et
1071 688 1244 724 Franciae
1260 690 1322 725 lib.
1342 699 1368 725 Ι.
1385 691 1508 726 laudat
1526 692 1619 726 idem
1633 691 1720 727 For-

529 745 659 779 dunus.

478 802 534 837 De
551 801 722 848 Episcopi
741 802 867 837 Officio
1261 805 1321 840 lib.
1342 814 1367 840 1.

381 860 548 896 Florebat
565 871 659 895 anno
677 869 887 895 DecchX.

775 975 811 1011 S.
839 975 1143 1012 GILBERTUS.
1195 977 1279 1014 562.

331 1092 410 1127 SUB
438 1093 645 1127 Alexandro
675 1092 745 1126 III.
775 1103 858 1138 rege
888 1093 1009 1127 vixere
1032 1093 1113 1135 viri,
1140 1099 1176 1129 et
1201 1095 1296 1129 vitae
1321 1096 1519 1137 sanctitate,
1545 1101 1581 1131 et
1606 1098 1720 1131 erudi—

333 1151 429 1186 tione
455 1152 623 1197 insignes,
650 1151 701 1185 ait
720 1149 767 1184 H.
785 1150 913 1185 Boeth.
934 1151 994 1185 lib.
1014 1161 1107 1186 xm.
1132 1151 1229 1187 Hist.
1249 1152 1383 1187 Scotor.
1409 1164 1489 1200 pag.
1509 1163 1718 1189 echxxv.

328 1214 364 1244 et
382 1209 420 1243 in
437 1209 493 1243 his
513 1213 535 1228 ‘⁵
553 1208 735 1242 Gilbertus
761 1208 997 1243 Cathanensis
1019 1210 1215 1254 episcopus,
1238 1215 1361 1255 postea
1384 1211 1422 1245 in
1444 1212 1609 1246 divorum
1632 1213 1720 1246 rela-

328 1272 388 1301 tus
422 1266 645 1300 numerum.''
706 1265 758 1299 Et
788 1266 906 1312 pergit
934 1277 1041 1311 porro
1070 1267 1201 1302 ibidem
1231 1268 1322 1302 locit
1359 1272 1383 1288 “
1412 1268 1580 1303 Tradunt
1609 1270 1719 1314 aliqui

328 1324 534 1359 Duthacum
560 1324 766 1368 episcopum
791 1323 1055 1358 sanctissimum
1079 1329 1250 1370 regnante
1273 1324 1479 1360 Alexandro
1505 1325 1554 1360 ΙΙ.
1579 1326 1720 1365 vixisse,

327 1386 523 1417 asserentes
541 1392 623 1415 eum
640 1380 727 1415 Divi
747 1380 912 1420 Gilberti,
938 1381 1174 1417 Cathanensis
1191 1383 1357 1428 episcopi,
1383 1382 1494 1417 fuisse
1519 1387 1722 1428 praecepto-

327 1450 414 1480 rem,
432 1439 494 1473 sed
511 1439 572 1473 alii
590 1440 708 1483 ipsum
726 1439 831 1484 longe
848 1437 935 1472 haec
951 1442 1112 1484 tempora
1128 1440 1359 1484 praecessisse
1375 1439 1567 1474 scribunt.’'
1605 1438 1722 1486 Scrip-

328 1501 423 1531 serat
440 1494 626 1530 Gilbertus

473 1553 755 1588 Exhortationes
774 1554 819 1588 ad
837 1552 1033 1588 Ecclesiam
1051 1565 1154 1589 suam
1319 1554 1380 1589 lib.
1400 1562 1426 1589 1.

474 1611 530 1646 De
548 1610 734 1645 Libertate
752 1611 890 1645 Scotiae
1319 1612 1380 1646 lib.
1402 1620 1428 1645 1.

376 1669 517 1704 Claruit
547 1679 641 1702 anno
673 1677 878 1702 mccxmx.
910 1670 967 1702 vel
997 1680 1091 1704 anno
1125 1668 1245 1703 verius
1278 1676 1521 1703 MCLxxvm.
1552 1669 1719 1714 Polydor.

326 1727 430 1774 Virg.
449 1727 510 1761 lib.
530 1734 623 1760 X111.
645 1725 742 1759 Hist.
762 1725 874 1771 Angl.
898 1737 979 1772 pag.
999 1734 1199 1760 cexxxw.
1252 1726 1427 1773 Indignor
1451 1727 1585 1760 nullam
1611 1727 1718 1772 hujus

326 1787 365 1820 in
399 1784 667 1830 martyrologiis
705 1784 923 1818 mentionem
965 1784 1052 1824 fieri,
1095 1795 1176 1818 cum
1213 1788 1334 1818 tamen
1370 1795 1474 1818 nemo
1512 1784 1719 1818 aeternitate

325 1843 478 1890 dignior,
509 1847 551 1877 ut
580 1843 643 1887 qui
672 1841 873 1876 libertatem
903 1841 1066 1875 ecclesiae
1097 1840 1264 1882 Scoticae,
1294 1846 1416 1876 tenera
1444 1841 1559 1876 adhuc
1593 1846 1717 1880 aetate,

327 1906 451 1936 contra
484 1900 732 1946 impotentiam
766 1900 969 1944 praesulum
1005 1899 1207 1946 Anglorum
1242 1899 1383 1946 egregie
1412 1903 1550 1934 tutatus
1580 1903 1633 1933 est
1663 1909 1718 1933 co-

326 1970 403 1993 ram
423 1958 580 2005 Hugone
603 1957 791 1997 cardinale,
817 1957 880 2001 qui
906 1956 1110 1992 Eboracum
1135 1961 1350 1991 conventum
1374 1957 1577 2001 praesulum
1602 1956 1718 1990 indix-

327 2023 404 2052 erat
434 2016 664 2063 corrigendae
698 2015 891 2059 apostolica
920 2015 1131 2049 auctoritate
1165 2014 1329 2049 ccclesiae
1357 2013 1601 2060 Anglicanae3
1638 2013 1717 2047 finis

326 2087 433 2120 porro
450 2074 652 2109 certaminis
669 2072 751 2113 fuit,
769 2077 811 2107 ut
829 2071 924 2107 Scoti
938 2072 1210 2117 archiepiscopis
1227 2072 1301 2106 suis
1315 2072 1509 2106 subessent.
1525 2070 1574 2105 H.
1589 2070 1715 2106 Boeth.

326 2134 387 2168 lib.
404 2141 496 2167 X111.
513 2132 611 2166 Hist.
627 2131 720 2166 Scot.
736 2142 818 2177 pag.
833 2139 1037 2165 CCLXXIII.
1073 2130 1214 2165 Colitur
1227 2130 1283 2164 die
1298 2138 1323 2164 1.
1339 2128 1488 2175 Aprilis.
1526 2128 1716 2164 Kalendar.

326 2190 459 2225 Adami
478 2190 596 2236 Regii.

774 2303 811 2338 S.
838 2302 1134 2339 GERMANUS.
1187 2302 1273 2339 563.

326 2423 363 2458 S.
395 2421 645 2463 GERMANUS,
675 2421 766 2456 alius
797 2420 842 2455 ab
869 2432 911 2455 eo
940 2431 1047 2465 quem
1081 2420 1347 2466 supradiximus
1378 2418 1533 2455 Gibirini
1561 2418 1719 2459 fratrem,

326 2486 362 2516 et
395 2480 458 2515 diu
491 2484 573 2526 post
606 2480 710 2514 illum
744 2479 790 2514 ad
824 2478 1069 2525 evangelicum
1103 2489 1193 2524 opus
1233 2478 1405 2514 accessit:
1445 2477 1561 2513 socius
1596 2481 1631 2512 et
1666 2487 1720 2511 co-

996 2538 1018 2571 2
1037 2544 1055 2572 s
