2032 2912
699 345 875 379 GENTIS
898 342 1175 383 SCOTORUM,
1198 342 1288 376 LIB.
1313 342 1340 376 1.
1677 342 1719 371 53

331 451 372 475 ra
388 451 409 476 a
427 440 568 476 Pitsaeo
584 445 828 480 numerantur,
845 439 977 474 scilieet
993 438 1164 484 subjecta.

480 497 535 533 De
552 496 799 532 Strivelinensi
816 495 1010 530 Obsidione
1312 494 1375 529 lib.
1394 503 1421 529 1.

479 553 535 589 De
552 555 663 589 altero
680 553 867 587 Scotorum
883 551 985 586 Bello
1316 551 1378 587 lib.
1397 560 1423 586 1.

481 610 695 646 Orationum
712 608 945 654 Synodalium
1314 609 1376 643 lib.
1396 617 1422 643 1.

478 666 534 701 De
551 666 660 701 variis
678 665 809 700 Mundi
826 664 987 699 Statibus
1315 665 1377 700 lib.
1397 674 1423 699 1.

480 723 536 759 De
553 723 676 758 Divite
693 728 729 758 et
746 722 885 757 Lazaro
1316 722 1378 756 lib.
1398 731 1424 756 1.

482 781 538 816 De
555 780 693 815 Scotiae
709 779 857 815 Guerris
874 779 984 815 variis
1317 778 1378 813 lib.
1398 787 1423 813 1.

478 839 534 874 De
551 837 780 875 sacerdotum
797 836 970 872 Luxuriis
1316 835 1378 870 lib.
1398 844 1424 870 1.

480 896 726 942 Epistularum
742 895 788 929 ad
804 895 962 930 diversos
1318 893 1379 928 lib.
1399 902 1425 928 1.

480 953 616 991 Contra
630 951 790 987 Artistas
1317 951 1379 986 lib.
1398 959 1424 985 1.

482 1010 761 1057 Tragoediarum
781 1013 817 1043 et
834 1008 1106 1044 Comoediarum
1125 1007 1269 1055 Anglic.
1315 1008 1377 1043 lib.
1397 1017 1424 1043 1.

483 1068 693 1103 Poematum
711 1071 746 1101 et
763 1065 1031 1111 Rhythmorum
1315 1065 1377 1100 lib.
1399 1074 1425 1100 1.

385 1126 526 1161 Floruit
542 1134 636 1159 anno
655 1132 836 1158 MCCCXV.
863 1122 912 1157 H.
932 1123 1105 1158 Boethius
1123 1123 1184 1158 lib.
1203 1131 1291 1158 xlv,
1316 1134 1398 1169 pag.
1416 1131 1548 1158 cccn’.
1572 1123 1720 1159 Poema-

336 1185 382 1219 tis
406 1183 632 1229 principium,
655 1181 717 1215 sed
743 1181 934 1215 admodum
960 1180 1163 1220 barbarum,
1180 1181 1283 1225 ponit
1299 1179 1455 1216 Joannes
1472 1179 1641 1215 Leslaeus
1658 1181 1719 1215 lib.

336 1249 408 1275 vn.
425 1239 522 1273 Hist.
534 1238 628 1273 Scot.
639 1248 722 1284 pag.
736 1245 902 1272 cchvl.
941 1236 1053 1271 Errat
1066 1237 1263 1271 scurriliter
1277 1236 1453 1278 Pitsaeus‚
1466 1241 1508 1272 ut
1521 1238 1621 1277 solet,
1635 1238 1722 1272 dum

336 1307 418 1331 eum
435 1307 457 1330 a
473 1295 634 1340 piissimo
658 1305 752 1339 rege,
770 1298 806 1328 et
823 1292 1047 1327 ecclesiastici
1065 1292 1200 1326 ordinis
1218 1294 1517 1334 reverentissimo,
1534 1294 1722 1329 tormentis

337 1353 501 1389 adactum
518 1351 642 1387 scribit
658 1355 700 1385 ut
717 1350 903 1385 Scotorum
920 1349 1107 1385 victoriam
1124 1348 1325 1385 celebraret.

853 1464 1091 1500 ALBINUS.
1144 1467 1203 1501 88.

336 1583 524 1619 ALBINUS
565 1581 750 1627 episcopus
792 1580 1055 1620 Brechinensis‚
1097 1591 1179 1615 cum
1221 1579 1258 1614 S.
1302 1579 1493 1616 Malcolmo
1533 1580 1599 1616 IV.
1642 1594 1726 1629 rege

338 1641 519 1681 educatus,
553 1639 593 1674 in
626 1639 708 1673 aula
741 1638 965 1683 splendorem
999 1637 1197 1672 stemmatis
1241 1636 1298 1671 sui
1339 1637 1537 1673 incredibili
1580 1638 1724 1683 pietatis

340 1702 375 1733 et
404 1695 614 1742 prudentiae
642 1696 747 1730 laude
772 1695 1018 1730 cohonestavit
1043 1699 1150 1739 atque
1175 1694 1315 1735 extulit,
1340 1694 1380 1728 in
1405 1695 1591 1740 scripturis
1617 1697 1725 1731 sacris

339 1754 614 1794 versatissimus,
665 1759 701 1787 et
750 1751 964 1786 secularium
1009 1751 1195 1786 literarum
1240 1750 1518 1797 haudquaquam
1563 1752 1722 1798 ignarus.

340 1811 489 1856 Scripsit

488 1866 583 1901 Acta
599 1865 636 1900 S.
655 1865 836 1900 Malcolmi
853 1865 964 1912 Regis
1323 1865 1385 1900 lib.
1405 1873 1431 1899 1.

488 1923 544 1958 De
562 1923 811 1957 Translatione
828 1923 988 1968 ejusdem
1323 1922 1384 1956 lib.
1405 1931 1430 1956 1.

489 1980 603 2025 Super
620 1991 719 2014 sacra
735 1979 920 2024 Scriptura
1327 1979 1388 2014 lib.
1408 1988 1433 2013 1.

392 2038 493 2073 Obiit
510 2048 604 2072 anno
623 2045 764 2070 iucem.
783 2037 850 2077 vel,
874 2041 917 2071 ut
940 2036 1001 2071 alii
1024 2047 1209 2081 perperam
1233 2036 1390 2077 tradunt,
1412 2047 1506 2071 anno
1527 2045 1727 2073 mccnxvr

342 2096 437 2140 quod
454 2095 484 2129 si
502 2105 626 2129 verum
644 2098 708 2133 est,
726 2104 798 2128 non
814 2094 988 2138 potuisset
1004 2093 1042 2128 S.
1061 2093 1153 2140 Regi
1171 2093 1361 2129 Malcolmo
1384 2094 1591 2130 innotuisse.
1618 2094 1728 2130 Scoti-

341 2152 531 2187 chronicon
547 2151 608 2186 lib.
627 2159 667 2185 x.
686 2162 761 2196 cap.
780 2159 886 2185 XXII.

778 2264 971 2300 AMKEM
976 2264 1186 2301 BALDUS.
1238 2268 1297 2305 89.

349 2380 687 2421 AMKEMBALDUS,
740 2380 895 2427 regulari
946 2381 1171 2416 observantia
1216 2382 1312 2427 apud
1366 2393 1449 2417 suos
1504 2381 1729 2422 clarissimus,

347 2438 540 2474 monachus
598 2438 852 2474 Benedictinus
904 2438 943 2474 in
996 2438 1122 2474 celebri
1177 2438 1392 2475 monasterio
1445 2438 1729 2479 Dumfermelini,
