2044 2992
338 442 367 469 S.
382 440 512 478 Brigida,
527 439 586 467 filia
602 437 731 467 Dabothi
745 436 883 476 principis
953 457 961 464 .
1001 437 1040 464 82

338 488 433 516 David
448 489 579 516 Betonus
601 485 678 515 card.
692 485 727 514 ab
745 485 854 513 haeret.
869 488 961 512 stran-

372 535 488 572 gulatus
694 554 701 561 .
780 556 787 562 .
954 553 962 560 .
1002 532 1041 559 88

336 583 364 610 S.
381 581 530 610 Barnabas
551 586 643 619 apost.
665 581 695 609 in
712 579 810 609 Scotia
825 579 960 617 Evange-

373 629 443 657 lium
457 628 605 667 praedicat
954 647 961 654 .
1002 626 1037 654 91

336 676 498 705 Gulielmus
520 675 630 711 Bailze,
653 676 762 704 Rector
785 673 962 703 Academiae

374 724 569 752 Bononiensis
955 743 962 750 .
1003 722 1041 749 94

336 772 447 800 Hector
459 771 602 800 Boethius
617 770 683 799 hist.
699 769 813 808 scripsit
828 779 874 798 res
892 769 961 798 Sco-

371 819 442 847 ticas

338 866 504 895 Bundevica
518 876 579 904 reg.
593 865 689 899 armis,
703 865 797 893 literis
812 864 881 893 clar.

338 914 491 942 Bassianus
499 914 614 948 Gattus,
621 912 778 942 monachus
786 913 962 950 Dempstero

865 959 923 987 295
938 964 968 987 et
983 960 1041 987 320

1003 817 1040 843 97

952 865 1040 892 .108

372 971 454 989 cal'llS

336 1056 364 1083 S.
401 1056 626 1089 (ὶοιυΜΒΑΝυε,
661 1054 817 1083 monachus
850 1053 962 1082 Bened.

371 1103 509 1131 fundator
522 1102 690 1131 monasterii
706 1101 830 1130 Bobien.
845 1106 874 1130 et
888 1101 958 1130 alio-

371 1160 444 1184 rum,
462 1150 529 1178 vide
543 1149 636 1178 multa
650 1149 738 1186 digna
752 1148 789 1176 de
803 1147 853 1176 illo
954 1169 961 1176 .
985 1148 1040 1175 142

331 1198 360 1225 S.
377 1197 583 1226 Constantinus
598 1196 711 1231 tertius,
730 1196 883 1225 Scotorum
898 1205 960 1230 rex,

370 1245 541 1273 monachum
557 1244 653 1273 induit
953 1264 961 1271 .
984 1244 1039 1271 148

333 1293 419 1320 Caius
437 1291 580 1326 SeduHus,
596 1292 626 1319 in
647 1290 753 1320 (livinis
772 1301 805 1319 ac
826 1290 960 1318 humanis

369 1340 461 1368 literis
476 1339 689 1368 versatissimus
950 1359 957 1366 .
983 1338 1038 1365 128

334 1388 362 1415 S.
385 1386 552 1422 Columbus,
573 1386 732 1415 multorum
753 1385 961 1414 monachorum

369 1441 461 1473 pater,
476 1445 508 1463 ac
522 1444 625 1473 regum
639 1434 778 1463 educator
952 1454 959 1461 .
983 1433 1037 1461 149

333 1484 368 1511 B.
384 1482 513 1517 Claudia,
531 1482 642 1512 Graece
657 1492 689 1510 ac
705 1482 810 1510 Latine
825 1481 928 1509 doctis.
983 1482 1037 1508 173

333 1530 386 1559 SS.
409 1529 609 1564 Christiancia‚
636 1529 793 1563 Cleomata,
817 1529 958 1557 Constan-

370 1578 420 1612 tia,
443 1577 578 1612 Cordula,
598 1587 697 1606 omnes
716 1577 845 1615 virgines
867 1576 958 1605 Ursu-

369 1626 450 1654 lanae

333 1674 361 1701 S.
378 1673 516 1711 Cyriacus
535 1672 697 1707 cmdinalis,
717 1672 842 1701 concivis
856 1672 885 1700 S.
902 1672 958 1700 Ui-

369 1720 457 1754 sulae,
472 1726 502 1749 et
516 1720 648 1759 martyrii
663 1720 757 1749 socius
952 1741 958 1748 .
982 1720 1036 1747 167

332 1768 476 1806 Georgius
503 1768 635 1796 Conaeus
660 1767 852 1801 doctissimus,
882 1777 958 1795 nunc

369 1815 429 1853 agit
441 1815 469 1842 in
481 1815 651 1853 obsequium
667 1815 853 1843 illustrissimi
871 1815 958 1843 Card.

371 1862 525 1890 Barberini
950 1884 957 1890 .
982 1863 1036 1890 170

332 1910 477 1948 Georgius
508 1910 701 1944 Camerarius,
734 1910 866 1939 doctrina
900 1910 956 1938 cla—

369 1968 417 1985 rus
949 1979 956 1986 .
981 1959 1035 1986 172

332 2005 460 2033 Thomas
477 1979 661 2043 Carnigillus,
684 1980 852 2044 bempsteri
873 2015 956 2044 prae-

369 2058 468 2090 uptor

333 2100 466 2129 Clemens
496 2100 551 2129 VI.
586 2100 719 2138 pontifex
747 2101 897 2129 descendit
923 2101 957 2128 li-

371 2147 492 2176 nealiter
513 2147 548 2176 dc
570 2148 667 2176 Maria
688 2148 834 2177 comitissa
859 2149 957 2177 Bono-

372 2195 445 2229 niae,
460 2194 519 2223 filia
535 2195 565 2224 S.
580 2195 766 2234 Margaretae
781 2196 908 2234 reginae,
928 2202 958 2224 et

372 2242 521 2270 Malcolmi
535 2243 612 2281 regis
629 2243 781 2272 Scotorum
950 2265 957 2271 .
981 2244 1035 2271 176

335 2289 439 2318 culdei
455 2290 524 2327 quid
539 2290 700 2328 significent
950 2313 957 2319 .
982 2292 1036 2319 180

335 2339 364 2365 S.
387 2337 519 2366 Clemens
543 2348 660 2376 operam
686 2339 765 2368 dedit
791 2339 819 2367 in
845 2339 957 2377 erigen-

947 2075 954 2082 .
981 2055 1035 2081 173

775 1645 782 1652 .
819 1624 1053 1658 165,166‚168'

1112 435 1157 464 dis
1173 434 1341 464 Academiis
1358 434 1500 464 Parisieu.
1514 440 1544 464 et
1567 435 1701 466 Ticinen-

1112 483 1137 512 si
1434 505 1441 512 .

1074 531 1095 561 J
1097 530 1202 559 acobus
1213 530 1406 565 Crichtonius‚
1419 531 1522 559 Scotus
1534 530 1650 560 doctiss.
1661 528 1704 560 di'-

1112 577 1231 607 cebatur
1245 577 1324 607 orbis
1340 578 1527 607 miraculum:
1547 589 1563 607 a
1573 579 1704 618 princip(=

1113 626 1276 655 Mantuano
1290 631 1378 655 noctu
1393 626 1534 655 occiditur

1074 673 1203 704 Jacobus
1226 674 1370 709 Gadanus,
1391 674 1578 713 prodigiosae
1597 684 1706 703 memo-

1074 2341 1201 2371 Thomas
1212 2343 1415 2381 DenipsteruS,
1427 2347 1526 2371 auctor
1537 2341 1622 2380 hujus
1633 2351 1699 2379 opo·

1697 506 1703 512 .
1729 487 1781 512 175

1697 650 1704 656 .
1730 630 1783 655 iss

1112 722 1173 751 riae
1729 724 1783 750 193

1076 770 1208 808 Cuperus
1218 769 1337 808 quidam
1345 769 1509 798 haereticus
1518 780 1583 798 cum
1595 770 1705 809 Demp-

1114 822 1193 846 stero
1221 817 1319 845 triduo
1354 823 1502 846 certamen
1535 817 1637 846 habuit
1670 818 1706 846 (lc

1114 865 1243 893 articulis
1257 865 1335 893 fidei.
1369 865 1563 904 Dempsterus
1578 875 1645 894 eum
1660 875 1706 893 sn-

1113 912 1227 950 peravit
1262 933 1268 940 .
1698 934 1704 940 .
1730 914 1783 940 195

1077 960 1260 998 Cognomina
1286 959 1366 987 nulla
1388 959 1452 997 jam
1479 965 1572 994 crant,
1607 960 1662 988 nisi
1691 971 1708 988 a

1114 1006 1241 1045 praediis
1256 1016 1307 1035 scu
1320 1017 1338 1035 a
1351 1006 1492 1045 patribus,
1514 1012 1564 1036 aut
1578 1017 1596 1036 a
1610 1007 1705 1036 colore

1114 1054 1243 1092 corporis
1611 1076 1618 1083 .
1699 1076 1705 1082 .
1728 1055 1784 1082 219

1077 1102 1214 1131 Carmina
1236 1101 1407 1130 suavissima
1428 1075 1457 1131 S.
1480 1076 1648 1131 Hildeberti
1670 1102 1706 1130 de

1115 1150 1211 1178 Roma
1726 1151 1784 1177 354

1075 1245 1242 1273 Dmoncm
1257 1244 1405 1273 barbaries
1420 1244 1450 1273 in
1466 1244 1649 1274 Christianos
1698 1267 1704 1274 .
1747 1247 1783 1273 20

1076 1292 1105 1321 S.
1118 1292 1284 1321 Donevaldi
1295 1297 1408 1331 septem
1419 1292 1496 1321 filiae
1511 1302 1611 1322 omnes
1629 1293 1706 1321 inter

1112 1339 1195 1368 divos
1210 1339 1318 1368 relatae
1521 1361 1528 1368 .
1609 1362 1616 1368 .
1697 1363 1703 1368 .
1746 1342 1778 1369 21

1075 1387 1104 1416 S.
1121 1387 1170 1425 Dy
1173 1397 1269 1426 mpna,
1284 1387 1368 1425 virgo
1380 1393 1409 1416 et
1423 1393 1545 1426 martyr,
1557 1388 1634 1426 regis
1648 1389 1703 1416 Hi-

1110 1434 1229 1464 berniae
1243 1435 1303 1463 filia
1723 1438 1779 1463 203

1074 1483 1103 1512 S.
1116 1482 1222 1517 David,
1240 1483 1394 1512 Scotorum
1408 1493 1470 1518 rex,
1491 1484 1531 1512 fil.
1554 1457 1703 1513 Malcolmi

1115 1530 1174 1559 ΙΙΙ,
1188 1535 1218 1559 et
1235 1530 1289 1559 S.i
1279 1530 1466 1569 WIargaretae
1726 1533 1782 1559 204

1074 1579 1103 1607 S,
1115 1578 1214 1612 Daria,
1229 1578 1258 1606 S.
1270 1578 1369 1606 Mauri
1380 1578 1518 1617 principis
1532 1579 1610 1608 Scoti
1619 1590 1701 1608 uxor.

1111 1636 1143 1654 ac
1160 1626 1189 1654 S.
1205 1625 1330 1654 Ursulae
1344 1632 1438 1655 mater
1725 1629 1777 1655 211

1074 1672 1103 1702 S.
1120 1673 1242 1702 Deicola
1255 1672 1320 1702 abb.
1334 1679 1364 1702 et
1377 1673 1440 1712 ejus
1455 1674 1594 1702 miracula
1725 1677 1777 1702 211

1074 1720 1103 1749 S.
1113 1721 1229 1755 Duffus,
1245 1731 1297 1750 rex
1315 1722 1468 1750 Scotorum
1480 1724 1526 1756 78,
1538 1727 1658 1761 martyr,
1673 1729 1701 1750 vt

1110 1768 1174 1806 ojus
1188 1769 1327 1797 miracula
1723 1771 1779 1797 213

1073 1816 1171 1844 David
1183 1816 1354 1854 Duglasius,
1369 1816 1405 1845 ab
1420 1816 1509 1855 impia
1522 1817 1624 1855 regina
1640 1817 1703 1845 An-

1109 1864 1224 1902 glicana
1244 1863 1281 1893 ob
1306 1864 1393 1892 fidem
1419 1864 1598 1893 Catholicam
1619 1875 1680 1894 nec·
1682 1876 1702 1893 ι-

1109 1917 1156 1940 tus
1694 1934 1701 1940 .
1723 1915 1779 1941 215

1073 1959 1180 1988 Guliel.
1212 1960 1391 1998 Douglasius
1415 1934 1480 1988 abb.
1505 1960 1629 1998 scriptor
1652 1971 1701 1988 w—

1108 2007 1287 2036 tustissimus
1303 2018 1372 2036 suae
1386 2007 1512 2036 familiae
1693 2030 1699 2036 .
1721 2009 1778 2035 5218

1070 2055 1119 2084 Jo.
1130 2055 1214 2083 Duns
1226 2056 1339 2090 Scotus,
1349 2056 1461 2084 Doctor
1472 2054 1602 2089 Subtilis,
1610 2055 1701 2083 Fran-

1110 2103 1288 2132 ciscanorum
1309 2103 1411 2141 gloria,
1436 2103 1503 2132 vide
1525 2103 1564 2131 ibi
1590 2103 1625 2131 ‹le
1651 2103 1700 2131 illo

1110 2150 1202 2179 multa
1722 2152 1777 2178 227

1072 2197 1210 2226 Gulielm.
1232 2199 1434 2237 Dempsterus‚
1456 2208 1492 2227 ex
1513 2208 1570 2236 quo
1592 2198 1700 2236 prodiit

1109 2246 1139 2273 in
1156 2246 1253 2274 Scotia
1265 2246 1376 2275 familia
1391 2247 1632 2285 Dempsterorum
1722 2248 1779 2273 235

1072 2293 1264 2332 Dempstcrus
1279 2294 1350 2332 quid
1365 2294 1509 2332 significet
1721 2294 1777 2321 ‘235
