2032 2912
359 309 423 341 262
741 307 972 340 HISTORIA
996 306 1370 340 ECCLESIASTICA

363 405 408 438 ad
434 405 509 439 loca
532 406 653 438 sancta
684 406 720 436 et
750 402 875 436 limina
900 403 1141 446 apostolorum
1168 402 1359 447 profectus,
1388 401 1539 437 Tolosae
1566 402 1754 444 substitit;

361 474 451 506 quae
469 462 566 502 urbs,
587 471 666 494 cum
682 459 888 494 Occitaniae
899 460 947 494 sit
957 464 1077 505 caput,
1095 465 1131 494 et
1143 459 1431 506 Wisigothorum
1446 460 1554 506 regia,
1569 460 1634 495 hac
1648 462 1752 496 laude

362 519 586 563 potissimum
617 517 828 558 inclarescit,
860 522 902 551 ut
932 528 1013 551 cum
1043 518 1181 563 reliqua
1211 517 1339 558 Gallia,
1375 518 1581 552 calamitoso
1610 520 1754 554 turbine

359 582 448 616 acta,
466 587 529 610 nec
547 580 673 620 sponte
690 586 766 616 sua,
782 575 979 609 haereticos
994 576 1199 610 orthodoxis
1218 575 1396 610 admixtos
1415 576 1555 616 habeat,
1574 587 1614 610 ac
1628 578 1769 611 saltem.

358 634 466 680 regiis
485 633 608 667 edictis
627 638 747 667 coacta
764 633 950 672 sustineat,
971 632 1131 667 Palladia
1148 633 1233 668 haec
1252 633 1349 674 urbs,
1369 633 1506 668 Brenni
1527 635 1638 675 sedes,
1665 636 1755 670 alter

358 690 556 725 Galliarum
587 691 721 731 oculus,
747 695 783 725 et
809 696 954 725 senatus
980 692 1080 732 alter,
1106 702 1290 736 nunquam
1318 691 1553 726 heterodoxos
1579 692 1753 732 habitare,

357 749 425 793 piis
456 749 613 783 coetibus
638 749 778 783 misceri
803 749 928 783 voluit.
981 749 1025 782 In
1051 749 1117 783 hac
1142 749 1372 783 scientiarum
1399 750 1545 783 alumna
1570 755 1606 784 et
1631 752 1755 786 altrice

357 811 478 841 noster
502 806 561 840 hic
585 806 774 847 residebat,
801 811 941 841 creatus
967 806 1235 841 archidiaconus
1262 805 1298 840 S.
1327 806 1450 841 Petri:
1479 818 1561 842 cum
1587 809 1755 844 haeretici

357 863 516 904 Arriani,
541 864 616 898 sive
634 861 717 898 bom·
741 862 909 905 homines,
936 869 977 899 ut
1003 875 1040 898 se
1065 863 1168 908 impii
1195 864 1380 904 vocabant,
1410 863 1564 900 Girardo
1590 866 1754 901 Albiensi

356 922 520 967 episcopo
538 922 761 962 sisterentur,
780 922 817 956 in
836 933 1054 958 assessorum
1072 932 1262 955 numerum
1286 921 1418 955 eximio
1440 922 1570 956 merito
1588 922 1681 957 Ellis
1702 928 1755 958 est

355 985 528 1025 receptus.
582 979 709 1024 Itaque
726 991 833 1014 causa
851 959 1058 1024 disceptata,
1084 979 1169 1013 mali
1193 979 1246 1012 illi
1264 979 1428 1013 homines
1446 979 1491 1013 ab
1508 981 1653 1015 ecclesia
1671 987 1755 1016 sunt

354 1038 556 1082 proscripti,
574 1049 655 1072 cum
673 1038 762 1072 duce
779 1049 844 1072 suo
858 1037 992 1082 perfido
1007 1036 1189 1077 Oliveri03
1210 1040 1245 1070 et
1257 1036 1376 1070 nescio
1393 1035 1484 1082 [quo
1495 1037 1617 1084 pacto]
1634 1044 1755 1074 noster

355 1095 412 1129 hic
443 1096 481 1129 in
509 1107 550 1129 eo
577 1095 724 1130 consilio
751 1094 973 1142 Agathensis
1005 1094 1275 1129 archidiaconus
1307 1094 1518 1136 subscribat,
1550 1097 1620 1131 nisi
1652 1097 1755 1137 forte,

355 1153 439 1197 quia
458 1157 536 1187 tum
555 1153 699 1187 demum
717 1151 885 1200 Agathae
903 1153 1022 1186 sedem
1040 1153 1197 1199 elegerit.
1250 1151 1402 1197 Scripsit
1422 1153 1556 1187 editum

502 1210 638 1246 Contra
655 1210 858 1245 Oliverium
876 1209 1074 1245 Arrianum
1401 1210 1463 1245 lib.
1484 1220 1508 1244 1.

503 1269 575 1303 Pro
592 1268 820 1304 Auctoritate
837 1269 1025 1313 utriusque
1043 1267 1267 1302 Testamenti
1325 1309 1327 1311 Ι
1401 1268 1462 1303 lib.
1484 1278 1508 1303 1.

500 1326 562 1361 Ad
579 1326 781 1361 Gilbertum
800 1326 1079 1373 Lugdunensem
1098 1325 1317 1371 Episcopum
1394 1326 1455 1361 lib.
1476 1336 1501 1361 1.
1526 1337 1618 1373 quae
1637 1330 1755 1363 omnia

552 1386 589 1419 in
608 1396 775 1430 processu
792 1388 946 1419 exstant.

406 1444 545 1479 Claruit
563 1454 656 1479 anno
676 1452 853 1478 MCLXVI.

821 1559 864 1593 B.
892 1557 1153 1593 EDMERUS.
1206 1562 1288 1594 484.

354 1678 397 1712 B.
417 1677 636 1718 EDMERUS,
654 1687 699 1711 ex
716 1676 763 1710 D.
782 1675 982 1723 Augustini
1001 1675 1256 1710 Cantuariensi
1274 1675 1443 1711 coenobio
1461 1680 1654 1717 extractus,
1681 1679 1754 1723 epi-

354 1747 479 1781 scopus
494 1735 529 1770 S.
542 1735 708 1769 Andreae
722 1738 959 1774 consecratus,
975 1738 1058 1768 ante
1071 1745 1206 1768 annum
1220 1734 1422 1769 absolutum
1439 1734 1483 1769 ad
1497 1736 1754 1770 monasterium

354 1794 469 1834 rediit,
489 1794 650 1828 abdicato
668 1792 889 1838 pontificatu.
942 1791 1073 1838 Roger.
1094 1792 1137 1827 de
1157 1792 1331 1827 Hoveden
1356 1797 1449 1837 part.
1470 1802 1495 1826 1.
1515 1792 1647 1828 Annal.
1672 1804 1753 1839 pag.

355 1863 558 1888 CCLXXIII.
611 1853 761 1898 Scripsit

504 1911 703 1946 Historiam
722 1920 898 1944 novorum
916 1909 955 1943 in
973 1908 1108 1954 Anglia
1293 1908 1354 1942 lib.
1374 1917 1400 1942 1.
1429 1908 1640 1943 Holinshed.

502 1970 625 2004 Vitam
644 1968 680 2003 S.
699 1968 863 2002 Anselmi
1298 1966 1360 2001 lib.
1380 1976 1406 2001 Ι.

505 2028 667 2072 Depositi
686 2026 925 2072 Episcopatus
944 2025 1117 2060 Rationes
1295 2024 1357 2058 lib.
1378 2033 1403 2058 Ι.

506 2086 684 2120 Homilias
702 2096 820 2119 sacras
1298 2082 1358 2116 lib.
1381 2091 1405 2116 1.

505 2144 686 2189 Epistolas
705 2143 749 2177 ad
767 2142 1042 2177 Cantuarienses
1293 2140 1355 2175 lib.
1377 2150 1402 2175 1.

505 2203 564 2237 Ad
583 2213 684 2236 suam
702 2201 901 2236 Ecclesiam
1300 2199 1361 2234 lib.
1382 2209 1407 2233 1.

406 2261 546 2295 Claruit
578 2260 644 2294 sub
674 2259 881 2294 Alexandro
917 2258 945 2293 1.
987 2263 1022 2293 et
1057 2258 1196 2294 Davide
1228 2257 1256 2292 Ι.
1292 2257 1431 2293 Scotiae
1465 2258 1622 2305 regibus,
1661 2271 1754 2293 anno

361 2327 508 2352 mcxxl.
560 2317 653 2352 Aliis
672 2317 872 2353 Eadmerus
891 2322 1051 2352 vocatur.
