2032 2912
299 289 360 319 150
681 283 913 316 HISTORIA
938 280 1313 315 ECCLESIASTICA

299 383 449 421 titatem,
468 380 558 413 nihil
577 380 620 413 ad
640 382 799 422 posteros
818 388 980 411 manasse
999 377 1113 411 credo.

348 439 448 473 Obiit
465 449 557 471 anno
577 444 685 469 Dcvl.
704 436 865 478 sepultus
881 434 982 468 Duni
1000 435 1038 468 in
1057 434 1244 474 Hibernia,
1270 438 1312 468 ut
1338 446 1383 468 ex
1409 436 1558 481 vulgato
1586 436 1699 481 epita-

298 497 382 541 phio
400 494 639 532 manifestum,
658 492 760 537 cujus
778 491 882 526 fidem
901 491 1079 526 infirmam
1098 492 1164 526 hoc
1182 503 1287 537 opere
1305 492 1465 537 probavi.

774 606 809 640 S.
838 606 1078 641 COMINUS.
1132 610 1215 642 250.

296 724 331 758 S.
350 723 542 757 COMINUS
560 724 679 764 abbas,
698 723 894 767 discipulus
913 721 949 756 S.
963 722 1168 763 Columbae,
1183 724 1227 758 de
1241 735 1312 768 quo
1325 723 1429 758 Joan.
1448 724 1619 759 Leslaeus
1634 725 1696 759 lib.

297 790 349 815 1V.
368 793 452 827 pag.
471 790 574 815 XLII.
595 781 644 816 H.
664 780 839 815 Boethius
858 779 919 814 lib.
940 790 997 814 IX.
1015 792 1097 826 pag.
1118 789 1258 815 CLXVI.
1285 786 1307 801 ‘⁶
1325 781 1465 816 Venere
1484 794 1565 817 cum
1583 795 1624 818 eo
1644 783 1694 827 (S.

296 839 483 884 Columba)
496 839 534 873 in
546 839 736 874 Albionem
749 838 818 871 viri
831 838 1015 872 duodecim
1027 837 1161 872 Christi
1175 839 1342 885 dogmate
1354 840 1544 885 insigniter
1555 841 1697 880 imbuti,

295 898 356 932 sed
373 897 487 943 magis
506 899 611 943 longe
629 896 863 931 sanctissimis
881 896 1036 930 decorati
1054 896 1225 937 moribus,
1244 897 1432 931 Bathenus
1459 902 1494 931 et
1513 897 1697 939 Cominus,

295 955 369 1000 qui,
388 960 468 999 post
487 954 680 988 Columbae
699 955 847 993 exitum,
866 953 1120 987 monachorum
1140 955 1305 989 claustris
1323 954 1493 999 praefecti
1508 955 1603 989 inter
1617 955 1700 990 Sco-

295 1018 349 1047 tos
367 1012 463 1046 haud
482 1013 657 1046 mediocre
678 1011 814 1046 Christi
833 1011 997 1045 ecclesiae
1015 1012 1121 1045 decus
1139 1012 1323 1046 attulere.”
1359 1012 1472 1047 Fama
1491 1017 1589 1047 tenet
1607 1014 1699 1048 anti-

295 1070 478 1115 quissima,
505 1069 635 1104 Deirae
661 1069 878 1104 monasterio
904 1069 1147 1114 praepositum
1174 1070 1270 1105 hunc
1295 1081 1368 1104 non
1394 1071 1471 1105 sine
1497 1071 1699 1107 sanctitatis

294 1127 458 1172 opinione
477 1127 675 1161 Murthlaci
695 1127 817 1161 obiise.
870 1126 964 1173 Ejus
983 1132 1089 1161 sunt:

443 1184 498 1219 De
517 1196 602 1219 vera
619 1184 758 1219 Pietate
1046 1186 1108 1220 lib.
1129 1195 1154 1220 1.
1182 1186 1365 1221 Bostonus
1384 1186 1585 1222 Buriensis.

443 1243 487 1277 In
504 1242 752 1288 Apocalypsin
792 1272 797 1276 .
1050 1244 1111 1278 lib.
1133 1253 1157 1277 Ι.

344 1301 487 1335 Floruit
505 1312 562 1334 an.
584 1309 754 1334 DCXLVI.
770 1301 807 1334 in
819 1305 1025 1335 sanctorum
1043 1302 1177 1335 relatus
1191 1313 1394 1343 numerum,
1405 1302 1558 1338 Arnold.
1574 1303 1698 1338 Uvion

294 1358 353 1393 lib.
374 1367 433 1393 111.
453 1358 534 1405 Lig.
553 1358 628 1394 Vit.
647 1370 729 1405 pag.
749 1367 945 1393 ccecxm.
964 1359 1021 1392 die
1040 1368 1126 1393 XVI.
1146 1359 1291 1394 Octobr.
1311 1359 1503 1406 Martyrol.
1523 1361 1634 1408 Angl.

552 1474 588 1508 S.
615 1473 825 1515 CLARUS,
854 1483 929 1508 SEU
955 1474 1303 1509 GUILLERMUS.
1357 1478 1440 1510 251.

295 1590 590 1631 GU1LLERMUS,
609 1590 727 1625 Scotia
745 1590 880 1630 relicta,
899 1590 1011 1624 vitam
1030 1590 1246 1625 eremiticam
1267 1591 1305 1625 in
1323 1591 1450 1627 Galliis
1474 1597 1620 1627 acturus
1647 1598 1700 1628 to-

295 1655 373 1683 tum
387 1660 424 1683 se
438 1649 565 1694 pietati
590 1649 815 1693 speculatrici
833 1648 1029 1693 impendit:
1048 1649 1245 1682 multorum
1264 1650 1432 1684 caecitate
1450 1651 1626 1685 divinitus
1640 1662 1700 1686 cu-

296 1712 385 1748 rata,
404 1712 439 1741 et
458 1708 627 1741 restituto
646 1707 830 1741 oculorum
847 1717 916 1740 usu
934 1706 1123 1751 plerisque,
1142 1711 1178 1740 et
1197 1707 1236 1740 in
1253 1707 1309 1741 his
1328 1708 1492 1742 dominae
1507 1709 1585 1748 loci,
1601 1708 1699 1743 Clari

296 1777 426 1800 nomen
440 1765 589 1800 sortitus
604 1769 668 1806 est,
682 1765 881 1809 coliturque
895 1764 933 1798 in
946 1775 1039 1810 pago
1053 1763 1256 1805 Neustriae,
1273 1765 1415 1809 publico
1430 1765 1700 1813 Rhotomagum

297 1825 434 1864 itinere,
453 1824 514 1868 qui
533 1828 569 1858 et
587 1834 718 1857 nomen
746 1823 791 1857 ab
817 1834 858 1857 eo
881 1823 1027 1867 accepit.
1057 1820 1161 1857 Hect.
1190 1823 1366 1857 Boethius
1392 1824 1452 1858 lib.
1473 1833 1530 1858 IX.
1558 1823 1698 1859 Histor.

298 1883 435 1917 Scotiae
454 1893 535 1928 pag.
556 1890 717 1915 CLXXII.
746 1885 767 1901 “
785 1880 924 1915 Eodem
942 1880 1110 1927 Eugenio
1128 1887 1311 1927 regnante,
1336 1880 1555 1917 Guillermus
1574 1887 1610 1917 et
1633 1883 1701 1918 Co-

297 1940 497 1979 lumbanus,
518 1940 629 1974 veteri
648 1938 835 1973 Scotorum
853 1943 1041 1973 stemmate
1059 1939 1229 1984 insignes,
1248 1950 1352 1973 verae
1376 1940 1542 1986 religioni
1567 1941 1698 1981 devoti,

297 1999 334 2032 in
363 1997 479 2031 Gallia
505 1998 619 2031 multa
644 1997 759 2031 habiti
783 2000 869 2030 sunt
895 1997 1155 2031 veneratione.''
1219 1996 1371 2031 Arnold.
1399 1997 1522 2032 Uvion
1547 1998 1608 2033 lib.
1638 2007 1698 2032 111.

299 2055 378 2102 Lig.
398 2055 474 2090 Vit.
494 2067 575 2101 pag.
596 2063 782 2088 CCXXVII.
835 2059 856 2073 “
875 2053 918 2088 In
937 2053 1136 2088 Normania
1159 2055 1195 2088 S.
1220 2055 1317 2089 Clari
1342 2055 1519 2096 monachi,
1544 2061 1580 2091 et
1605 2067 1699 2091 mar-

300 2113 423 2157 tyris.”
458 2113 595 2147 Eadem
611 2113 779 2147 Molanus
794 2112 964 2146 addition.
984 2112 1029 2146 ad
1043 2113 1198 2147 Usuard.
1214 2114 1275 2158 qui
1294 2114 1405 2154 addit,
1425 2118 1447 2133 “
1460 2115 1503 2148 de
1522 2115 1600 2161 ejus
1618 2126 1699 2159 pas-

299 2171 396 2204 sione
414 2182 612 2205 sermonem
635 2170 775 2205 Nicolai
793 2171 836 2205 de
854 2169 943 2204 Nise
962 2171 1115 2205 extare.''
1166 2170 1413 2206 Asservantur
1436 2173 1474 2207 in
1494 2173 1618 2207 eodem
1636 2184 1697 2218 op-

300 2228 383 2271 pido
400 2229 574 2272 quaedam
593 2229 669 2274 ejus
688 2229 890 2269 memoriae,
916 2233 951 2263 et
975 2230 1013 2262 in
1037 2229 1093 2264 his
1118 2241 1233 2274 nuper
1258 2230 1334 2275 ipse
1354 2231 1428 2264 vidi
1448 2231 1694 2266 membranam

301 2286 590 2326 vetustissimam,
609 2298 648 2321 ac
666 2288 771 2331 plane
789 2298 939 2327 erosam,
957 2288 1073 2334 longis
1092 2288 1216 2327 literis,
1235 2299 1275 2322 ac
1294 2299 1404 2323 manu
1422 2289 1547 2334 ipsius,
1574 2293 1616 2323 ut
1633 2300 1699 2333 pu-

302 2348 410 2383 tatur,
430 2345 596 2388 scriptam
612 2354 619 2378 :
649 2345 796 2379 titulum
814 2350 956 2379 tantum
975 2347 1114 2391 assequi
1135 2346 1248 2390 potui,
1267 2346 1330 2390 qui
1348 2346 1582 2391 praeferebat,

447 2401 572 2435 Divini
591 2402 705 2436 Officii
724 2403 914 2438 Formulae
1186 2403 1248 2438 lib.
1270 2412 1294 2437 Ι.
