2032 2912
329 306 392 337 180
710 301 946 334 HISTORIA
970 300 1349 334 ECCLESIASTICA

330 399 547 435 monasterii.
600 402 622 417 “
640 396 707 431 Vir
725 408 875 443 magnae
893 397 1088 443 religionis,
1117 401 1152 431 et
1170 408 1311 431 morum
1331 396 1520 432 sanctitate
1545 397 1732 444 integerri-

328 469 419 498 mus,
443 456 509 490 sub
531 455 632 501 cujus
655 455 829 501 regimine
854 455 1062 489 donationes
1081 456 1215 490 multae
1233 455 1390 489 fidelium
1409 455 1493 489 huic
1512 457 1732 490 monasterio

331 527 395 559 pro
412 514 480 548 Dei
498 514 644 554 honore,
664 517 700 546 et
724 512 760 546 S.
778 512 916 553 Jacobi,
935 513 1049 548 factae
1068 514 1183 554 sunt,’'
1210 514 1260 547 ait
1285 513 1462 547 Trithem.
1492 514 1530 547 in
1554 513 1733 548 Chronico

329 572 486 618 ejusdem
505 570 722 605 monasterii.
765 570 817 604 Et
838 572 946 615 paulo
969 576 1071 616 post:
1108 576 1129 591 ‘⁶
1148 572 1376 606 Christianus
1395 572 1502 605 abbas
1522 581 1565 605 ΙΙ.
1585 572 1641 605 vir
1659 583 1732 607 mo-

327 629 426 663 ribus
450 633 485 662 et
511 629 710 663 eruditione
733 630 947 674 praeclarus,
970 631 1072 676 cujus
1096 630 1172 664 vita
1193 634 1228 664 et
1252 630 1415 664 doctrina
1438 631 1570 664 multos
1597 630 1641 664 ab
1665 631 1733 664 ini-

325 687 463 732 quitate
481 687 527 721 ad
544 698 708 721 normam
721 687 887 733 justitiae
905 688 1115 722 convertit.'’
1166 687 1317 732 Scripsit

474 744 535 779 Ad
569 745 847 780 Embrichonem
882 745 1103 791 Episcopum
1138 757 1245 790 super
1279 745 1464 781 fundando
1506 745 1728 780 Monasterio

526 802 639 837 Scotis
1176 803 1237 837 lib.
1259 812 1284 837 Ι.

376 861 478 895 Obiit
496 872 589 895 anno
608 870 819 896 MCLXXIX.
862 861 1032 896 Sanctum
1051 866 1155 906 putat
1172 862 1397 906 relatumque
1414 862 1452 895 in
1472 866 1612 897 sanctos
1633 862 1732 896 Hen-

326 920 421 954 ricus
439 919 651 960 Fitzsimon‚
671 924 706 954 et
723 924 806 954 ante
824 930 905 953 eum
922 919 980 954 Jo.
1000 920 1142 954 Fraseri
1151 930 1204 953 us.

773 1033 1141 1069 CAELESTINUS.
1194 1037 1276 1070 312.

327 1152 629 1190 CAEIAESTINth,
653 1149 740 1184 dicti
766 1150 834 1184 loci
857 1150 1111 1184 coenobiarcha
1130 1160 1219 1185 VIII.
1245 1151 1432 1186 ordinatus
1457 1151 1502 1186 ab
1527 1152 1661 1186 Ottone
1688 1152 1731 1185 de

326 1209 582 1254 Londemburg
599 1208 763 1252 episeopo
783 1207 1046 1253 Herbipolensi.
1100 1208 1253 1254 Scripsit

474 1266 518 1300 In
536 1266 691 1300 minores
710 1264 909 1310 Prophetas
1222 1268 1282 1302 lib.
1303 1278 1328 1302 Ι.

378 1324 478 1360 Obiit
497 1336 590 1359 anno
609 1332 847 1358 MCCXXXW.
895 1324 1005 1359 Rexit
1023 1327 1281 1361 monasterium
1299 1327 1402 1361 annis
1422 1335 1480 1360 XI.

857 1441 1059 1476 CULDEI.
1113 1444 1195 1477 313.

328 1561 501 1601 CULDEI,
520 1571 583 1595 seu
601 1560 739 1600 Keldei,
763 1560 961 1593 sacerdotes
984 1565 1095 1600 erant,
1123 1561 1185 1606 qui
1212 1560 1258 1594 ab
1283 1560 1435 1595 assiduis
1454 1560 1492 1593 in
1510 1559 1578 1594 fide
1602 1561 1730 1595 labori-

327 1620 393 1654 bus
411 1621 461 1654 sic
480 1619 577 1660 dicti,
597 1619 633 1653 id
652 1624 716 1659 est,
734 1616 859 1653 Deum
878 1616 1048 1652 timentes.
1100 1617 1193 1653 Vide
1211 1619 1249 1652 in
1267 1618 1458 1664 Apparatu
1472 1629 1551 1652 meo
1570 1619 1615 1653 ad
1631 1618 1728 1654 Hist.

328 1677 421 1712 Scot.
442 1683 476 1712 et
495 1678 554 1712 lib.
577 1687 601 1712 I.
627 1689 736 1722 supra
753 1677 791 1710 in
810 1674 1004 1710 Auminus.
1055 1676 1115 1711 Ex
1132 1676 1261 1711 horum
1281 1687 1426 1722 corpore
1444 1678 1625 1721 praesules
1643 1678 1731 1711 elec-

328 1737 366 1770 ti.
420 1736 646 1781 Scripserunt

476 1794 726 1829 Institutiones
745 1794 790 1828 ad
808 1793 952 1827 clerum
973 1797 1008 1827 et
1029 1792 1206 1838 Populum
1224 1792 1402 1827 Scoticum
1495 1792 1556 1828 lib.
1578 1803 1602 1827 1.

380 1852 597 1886 Floruerunt
615 1853 660 1886 ab
677 1852 781 1886 initio
798 1851 880 1885 fidei
899 1863 920 1885 a
938 1850 1052 1885 Scotis
1075 1856 1236 1896 receptae
1259 1862 1354 1886 anno
1377 1860 1491 1886 00111.
1516 1862 1647 1885 nomen
1672 1863 1730 1886 us-

328 1922 396 1955 que
416 1911 459 1945 ad
478 1915 622 1955 patrum
640 1916 846 1945 nostrorum
864 1910 1073 1944 memoriam
1091 1910 1266 1955 pervenit.

774 2025 1136 2060 COLUMBANUS.
1191 2027 1274 2060 314.

331 2143 545 2177 DUCENTIS
563 2147 599 2177 et
616 2143 770 2187 amplius
788 2146 869 2187 post
887 2142 1058 2177 Sanctum
1077 2142 1339 2177 Columbanum
1355 2142 1458 2177 annis
1472 2142 1565 2176 vixit
1583 2141 1725 2175 Colum-

332 2201 443 2234 banus
483 2201 572 2234 alius
600 2200 907 2247 hymnographus,
940 2200 1042 2246 cujus
1072 2206 1125 2235 est
1157 2201 1222 2234 ode
1247 2201 1291 2234 ad
1315 2199 1499 2234 Andream
1524 2200 1727 2244 episcopum

331 2258 372 2291 de
390 2258 491 2292 obitu
509 2258 627 2292 Caroli
647 2258 785 2304 Magni,
811 2258 993 2303 publicata
1015 2259 1153 2303 pridem
1176 2259 1271 2293 inter
1295 2258 1436 2293 Rabani
1464 2257 1584 2292 Mauri
1610 2268 1728 2301 opera,

330 2327 391 2350 seu
410 2320 573 2360 poemata
590 2327 611 2349 a
629 2315 674 2350 R.
694 2316 736 2350 P.
755 2316 938 2351 Browero.
984 2316 1028 2350 In
1046 2328 1087 2350 ea
1105 2328 1142 2351 se
1159 2317 1343 2351 nominat:

634 2388 662 2416 O
678 2388 864 2423 Columbane,
879 2389 989 2427 stringe
1003 2394 1068 2417 tuas
1082 2389 1231 2427 lacrymas,

631 2436 733 2465 Preces
747 2436 864 2465 effunde
877 2446 928 2475 pro
941 2435 992 2464 illo
1005 2436 1042 2465 ad
1056 2436 1224 2465 Dominum.
