2032 2912
319 305 381 335 118
701 298 932 334 HISTORIA
957 298 1333 333 ECCLESIASTICA

319 401 449 445 ubique
466 402 611 445 gratus3
640 397 784 431 demum
802 395 1094 430 concurrentibus
1113 396 1152 429 in
1174 394 1404 430 Britanniam
1423 395 1575 430 literatis
1594 397 1638 430 ad
1656 397 1679 430 J
1682 410 1717 430 a·

318 457 393 491 cobi
413 456 505 502 regis
523 454 836 500 inaugurationem
855 453 967 487 veluti
991 453 1037 488 ad
1060 464 1210 500 agonem
1234 453 1430 494 Albanum,
1448 453 1524 498 ipse
1542 464 1583 488 eo
1608 455 1716 488 etiam

316 525 353 547 se.
379 513 540 552 contulit,
566 511 629 545 ubi
656 522 736 546 cum
763 512 932 556 pauculos
957 511 996 545 in
1022 512 1104 546 aula
1130 522 1268 545 menses
1294 510 1455 552 vixisset,
1477 511 1564 545 dum
1590 522 1716 546 manus

314 571 482 611 ablueret,
505 570 701 614 intercepto
719 570 863 614 spiritu,
882 569 1031 609 interiit,
1051 579 1130 602 cum
1150 568 1226 613 ipse
1242 578 1288 602 ex
1306 568 1500 615 astrologia
1525 569 1588 602 diu
1612 574 1715 603 antea

314 627 611 672 deprehendisset,
630 638 693 661 nec
710 627 891 672 publicare
908 626 1080 667 cessisset,
1103 636 1196 671 aqua
1221 636 1259 659 se
1284 626 1498 670 periturum.
1553 626 1640 660 Fuit
1659 628 1715 660 vir

313 685 470 719 moribus
496 685 652 725 sinceris,
679 690 715 720 et
740 685 831 720 comi
858 684 1062 729 affabilique
1079 684 1175 718 vitae
1192 683 1475 718 consuetudine:
1502 695 1582 718 eum
1602 685 1714 730 elegia

313 743 536 777 commendat
556 742 734 777 Henricus
754 742 944 777 Hussanus
963 741 1195 776 Isenacensis.
1247 740 1396 785 Scripsit

461 798 670 845 Principum
687 800 912 845 quorundam
931 798 1084 833 Geneses
1257 798 1319 832 lib.
1340 807 1364 832 1.

461 857 504 891 In
523 854 717 904 Algebram
735 857 1001 892 Commentaria
1256 855 1317 890 lib.
1338 864 1363 889 1.

457 915 500 949 In
520 915 670 959 Opticen
689 914 942 949 Conclusiones
1254 914 1317 948 lib.
1339 922 1363 947 1.

457 972 513 1006 Ac
530 972 647 1006 nescio
665 972 752 1017 quid
769 972 808 1005 in
826 972 1069 1006 controversia
1086 971 1241 1016 quadam
1261 982 1341 1006 cum
1360 970 1524 1016 patribus
1544 971 1567 1004 J
1570 973 1705 1007 esuitis.

361 1029 462 1064 Obiit
479 1028 642 1063 Dantisci
660 1039 754 1063 anno
774 1036 925 1063 MD'CXI.

613 1144 935 1180 GUILIELMUS
961 1142 1265 1179 BARCLAIUS.
1319 1146 1402 1182 207.

310 1262 577 1296 GUILIELMUS
603 1261 789 1295 Barclaius
815 1260 1094 1299 Aberdonensis,
1121 1260 1151 1294 si
1178 1271 1250 1294 non
1273 1259 1395 1300 nobili,
1414 1262 1539 1295 saltem
1560 1262 1709 1296 honesto

306 1321 381 1353 loco
400 1325 517 1360 natus,
536 1330 680 1353 summa-
694 1319 906 1353 claritudine
924 1318 1060 1365 ingenii
1082 1326 1150 1352 XL.
1177 1318 1280 1353 annis
1305 1318 1391 1353 totis
1417 1319 1456 1352 in
1486 1317 1707 1353 Ponti-Mus-

307 1388 394 1410 sana
420 1377 598 1411 academia
619 1377 682 1422 jus
708 1376 848 1420 publice
873 1375 1066 1421 professus,
1095 1387 1227 1421 paucos
1245 1387 1310 1410 suo
1328 1386 1416 1411 aevo
1432 1376 1708 1422 jurisconsultos

308 1445 420 1478 pares,
448 1435 667 1479 superiorem
693 1435 834 1468 nullum
859 1433 996 1467 habuit.
1051 1433 1110 1467 Ex
1137 1433 1342 1480 Anglicano
1366 1444 1516 1472 secessu.
1542 1445 1614 1479 quo
1633 1437 1706 1480 regi

306 1492 424 1525 §cotia
454 1503 594 1538 egresso
629 1492 943 1538 congratulaturus
978 1502 1015 1526 se
1052 1492 1261 1531 contulerat,
1293 1490 1561 1536 Mussipontum
1592 1493 1707 1526 redire

308 1549 443 1583 frustra
468 1549 562 1583 fuit:
590 1554 737 1583 vocatus
763 1550 884 1594 itaque
911 1549 955 1583 ab
981 1548 1303 1595 Andegavensibus
1329 1549 1522 1593 primarius
1551 1554 1707 1583 anteces-

306 1620 364 1642 sor
382 1610 419 1642 in
438 1620 478 1643 ea
496 1608 675 1643 academia
693 1613 870 1642 senectam
889 1608 1085 1652 aquilinam
1114 1606 1375 1642 honestissimis
1402 1607 1530 1641 studiis
1556 1607 1707 1642 oblecta-

307 1666 367 1699 vit.
420 1665 511 1712 Ejus
531 1671 638 1700 sunt:

451 1724 506 1757 De
525 1723 707 1757 Potestate
726 1722 844 1767 Papae
865 1722 1083 1767 (suspectum
1103 1723 1206 1767 opus)
1250 1721 1310 1756 lib.
1332 1731 1356 1755 1.

452 1781 586 1815 Contra
605 1779 948 1815 Monarchomachos
1248 1779 1309 1814 lib.
1331 1788 1356 1813 1.

452 1839 496 1873 In
514 1839 661 1873 titulum
680 1838 723 1871 de
743 1837 861 1872 Paetis
1248 1837 1308 1872 lib.
1331 1846 1356 1870 1.

450 1897 494 1931 In
512 1897 659 1931 titulum
677 1895 721 1929 de
738 1895 761 1929 J
765 1895 980 1941 urejurando
1244 1895 1304 1930 lib.
1329 1905 1352 1929 1.

357 1956 424 1989 Sed
452 1956 521 1989 duo
553 1955 669 1999 prima
699 1964 805 1998 opera
836 1954 1029 1988 multorum
1062 1954 1250 1988 doctorum
1282 1954 1590 1989 lucubrationibus
1621 1961 1703 1988 sunt

304 2014 460 2058 agitatam
489 2023 584 2052 nam,
603 2016 644 2046 ut
661 2012 841 2046 illustriss,
861 2011 1060 2045 Robertuln
1080 2010 1340 2045 Bellarminum
1358 2011 1534 2052 omittam,
1562 2013 1702 2056 scripsit

303 2072 338 2104 in
358 2082 437 2104 eum
456 2070 634 2114 Josephus
663 2069 861 2104 Bonfadius
884 2068 1056 2108 Venetiis‚
1084 2073 1117 2102 et
1145 2067 1308 2103 Adamus
1336 2068 1533 2104 Reutterus
1561 2069 1702 2104 Codbus

302 2128 500 2173 Marpurgi.

351 2185 451 2218 Obiit
469 2185 658 2230 Andegavi
677 2185 804 2219 ultima
822 2189 962 2219 senecta
976 2189 1016 2218 et
1034 2184 1184 2228 penuria
1202 2195 1295 2219 anno
1315 2193 1464 2219 MDCXI.

645 2281 879 2317 JOANNES
906 2282 1208 2317 BARCLAIUS.
1262 2286 1343 2317 208.

300 2357 491 2391 JOANNES
519 2356 713 2398 Barclaius,
746 2357 941 2392 medicinae
971 2358 1105 2397 doctor,
1138 2358 1194 2391 vir
1223 2356 1293 2392 fuit
1327 2359 1403 2393 sine
1439 2358 1549 2392 dubio
1581 2358 1698 2393 litera-

303 2414 473 2453 tissimus,
500 2414 560 2449 sed
588 2414 632 2448 ad
658 2425 713 2448 me
740 2425 852 2459 pauca
879 2415 991 2459 ipsius
1018 2415 1149 2458 scripta
1167 2419 1429 2459 pervenerunt3
1457 2416 1601 2450 unicum
1621 2420 1697 2449 tan-
