2032 2912
356 313 397 342 32
725 307 952 340 HISTORIA
976 303 1345 338 ECCLESIASTICA

359 414 447 438 CLV.
478 404 560 437 dixi.
595 401 852 446 Apocrisiarius
881 400 938 433 hic
971 399 1041 432 fuit
1076 397 1266 432 Theodosii
1303 395 1462 441 Augusti
1492 396 1660 441 junioris,
1696 403 1730 431 et

359 473 402 494 ex
425 473 465 494 ea
490 461 601 494 aulica
625 458 796 503 dignitate
821 457 865 490 ad
891 456 1027 501 majora
1052 459 1222 494 vocatus;
1249 465 1331 487 nam
1356 463 1436 486 cum
1461 451 1497 486 S.
1525 453 1731 494 Flavianus,

359 517 554 561 patriarcha
599 514 1019 558 Constantinopolitanus‚
1067 513 1105 545 in
1151 511 1287 556 synodo
1333 510 1552 553 praedatrice
1596 509 1731 554 Ephesi

356 582 464 606 XLIV.
491 571 692 605 vulneribus
718 569 841 605 fuisset
868 575 1020 609 enectuS,
1044 568 1233 602 Anatolius
1258 567 1289 600 ei
1314 566 1491 606 successit,
1518 571 1554 600 et
1579 578 1623 600 ne
1649 568 1730 611 quis

354 630 395 662 de
416 629 572 674 legitima
594 628 670 673 ejus
693 632 865 671 potestate
888 627 1049 661 dubitare
1072 630 1199 669 posset,
1223 636 1244 658 a
1267 623 1396 657 Sancto
1419 622 1539 658 Leone
1559 623 1588 658 Ι.
1616 625 1730 668 ponti-

355 684 415 719 fice
443 685 693 729 pacificatorias
722 685 835 728 petiit,
872 684 950 717 fidei
984 694 1068 717 suae
1100 682 1273 715 rationem
1307 680 1467 720 reddens,
1502 685 1537 715 et
1571 681 1732 715 obtinere

355 742 559 786 promeruit.
611 741 691 785 Ipse
708 741 825 774 Sanct.
844 740 917 774 Leo
935 741 1034 783 epist.
1054 748 1122 772 XL.
1147 738 1324 771 Theodor.
1348 736 1478 771 Lector
1501 737 1645 772 Collect.
1670 739 1733 773 lib.

357 808 380 832 1.
432 798 483 831 Et
499 799 583 842 quia
600 797 842 842 chrysaphius
861 796 1051 836 eunuchus,
1071 800 1106 829 et
1122 794 1328 833 Dioscurus‚
1346 793 1566 838 Eutychiani
1587 795 1732 841 dogma-

353 856 398 888 tis
432 859 658 899 promotores,
693 865 773 887 eum
811 854 1009 899 eligendum
1049 855 1229 891 curarunt,
1267 851 1327 885 ille
1364 852 1501 895 synodo
1540 852 1733 887 Chalcedo-

352 923 395 945 ne
417 916 534 945 coacta
560 919 714 944 DCXXX.
740 910 980 954 episcoporum
1007 913 1041 942 et
1067 913 1221 952 patrum,
1248 908 1387 942 eosdem
1414 908 1633 943 damnandos
1659 911 1732 954 pri-

351 979 429 1001 mus
441 967 625 1001 consensit.
652 966 688 1000 N
690 966 841 1011 icephor.
856 966 915 999 lib.
932 974 999 998 xv.
1016 965 1153 999 Histor.
1166 964 1372 998 Ecclesiast.
1385 976 1461 1009 cap.
1474 974 1561 999 XVI.
1585 965 1636 1000 Et
1648 968 1733 1012 quia

351 1022 577 1068 Eutychiani,
616 1027 656 1057 ut
698 1034 791 1056 nunc
832 1022 1062 1066 perditissimi
1105 1022 1336 1062 Calvinistae,
1377 1023 1551 1057 miracula
1593 1029 1732 1068 expete-

348 1081 443 1120 bant,
472 1080 660 1114 Anatolius
689 1081 859 1114 miraculo
889 1080 1042 1113 maxime
1072 1079 1205 1124 insigni
1234 1089 1294 1112 eos
1324 1079 1512 1120 confudit;
1539 1091 1623 1114 nam
1650 1093 1730 1115 cum

349 1140 421 1182 ipse
446 1143 480 1171 et
506 1137 722 1182 Eutychiani
747 1138 904 1171 libellum
935 1148 1019 1170 suae
1048 1136 1278 1181 professionis
1309 1147 1416 1181 super
1445 1137 1482 1171 S.
1508 1137 1732 1182 Euphemiae

349 1195 494 1240 virginis
528 1195 692 1239 reliquias
726 1194 987 1238 imposuissent,
1028 1194 1257 1238 custodiaque
1296 1195 1484 1239 utriusque
1522 1196 1635 1239 partis
1670 1197 1731 1230 ad-

348 1252 459 1285 hibita
488 1256 588 1291 esset,
616 1252 704 1286 liber
732 1251 892 1285 Anatolii
923 1251 962 1285 in
991 1252 1118 1285 dextra
1147 1262 1256 1285 manu
1282 1251 1445 1297 virginis,
1471 1252 1730 1287 haereticorum

349 1310 392 1342 ad
421 1309 523 1352 pedes
553 1309 729 1342 inventus.
794 1308 872 1342 Hoc
906 1308 1032 1342 accidit
1066 1307 1184 1341 idibus
1218 1306 1356 1352 Aprilis
1391 1319 1484 1343 anno
1520 1318 1629 1343 CDLI.
1665 1310 1731 1345 Zo-

351 1376 452 1399 naras
478 1369 562 1399 tom.
591 1375 649 1398 111.
676 1366 714 1399 in
739 1365 922 1399 Marciano
940 1364 1005 1399 IV.
1032 1364 1085 1399 Et
1110 1365 1274 1410 quamvis
1301 1364 1419 1399 Sanct.
1446 1365 1521 1400 Leo
1548 1366 1621 1401 ΡΡ.
1649 1379 1730 1401 eum

348 1432 444 1455 sacra
482 1422 670 1466 apostolica
703 1422 929 1462 confirmarit,
965 1426 1071 1466 atque
1106 1423 1181 1466 ipse
1215 1421 1463 1466 Eutychianos
1499 1424 1634 1469 synodo
1668 1425 1729 1460 illa

347 1479 498 1523 generali
517 1479 724 1518 damnasset,
742 1483 776 1512 et
798 1479 994 1512 maximum
1017 1479 1227 1513 miraculum
1253 1484 1460 1524 cooperatus
1484 1486 1586 1522 esset,
1611 1486 1731 1516 tamen

347 1536 436 1568 male
450 1546 470 1569 a
484 1535 636 1569 Baronio
649 1536 747 1570 audit
761 1541 846 1570 tom.
861 1544 915 1569 VI.
934 1547 1016 1581 pag.
1032 1544 1203 1570 CCXXXI.
1239 1534 1384 1569 Scotum
1402 1536 1511 1571 fuisse
1528 1538 1676 1582 probavi
1690 1540 1729 1573 in

349 1591 534 1635 Apparatu
551 1603 630 1637 pag.
651 1601 770 1626 CXLV.
789 1596 824 1626 et
842 1591 971 1626 Salinis
990 1593 1028 1626 in
1046 1592 1260 1638 Burgundia
1283 1593 1432 1627 dioecesi
1455 1593 1656 1629 Vesuntino
1679 1597 1729 1630 sic

350 1648 516 1682 habetur:
535 1652 555 1667 “
569 1648 604 1682 S.
618 1647 805 1683 Anatolius
820 1649 957 1689 Scotus,
976 1649 1260 1694 archiepiscopus
1278 1648 1731 1695 Constantinopolitanus.”

348 1704 543 1739 Admonuit
578 1706 633 1739 vir
658 1706 917 1740 illustrissimus
943 1705 988 1740 D.
1017 1705 1242 1746 Metellanus,
1270 1707 1354 1740 baro
1379 1706 1619 1748 Lidintoniae‚
1649 1720 1730 1743 can-

347 1762 474 1795 cellarii
499 1761 633 1797 Scotiae
655 1762 759 1802 filius,
783 1764 844 1807 qui
868 1763 1048 1797 Bruxellis
1074 1764 1211 1797 dulcem
1237 1763 1318 1797 fidei
1336 1764 1553 1797 orthodoxae
1571 1764 1727 1800 fructum

348 1818 502 1862 percipit,
521 1820 640 1862 procul
658 1819 701 1853 ab
718 1819 972 1854 haereticorum
990 1820 1126 1854 furiosa
1142 1820 1279 1854 malitia
1300 1821 1486 1864 sepositus.
1516 1820 1726 1857 Franciscus

348 1874 613 1909 Guillamannus
630 1876 690 1910 lib.
710 1885 752 1910 11.
771 1877 813 1910 de
831 1876 951 1910 Rebus
971 1877 1218 1911 Helvetiorum
1238 1888 1313 1920 cap.
1332 1885 1424 1910 X111.
1445 1881 1466 1896 ‘⁶
1480 1877 1515 1911 S.
1534 1876 1726 1914 Anatolius

348 1931 474 1964 Salinis
488 1932 642 1966 colitur.”
662 1933 858 1967 Paradinus
878 1934 915 1967 in
929 1933 1218 1979 Antiquitatibus
1233 1933 1495 1979 Burgundicis:
1514 1939 1535 1954 “
1550 1934 1727 1980 Tempore

350 1987 506 2020 Lotharii
525 1988 588 2022 IV.
606 1990 709 2035 regis,
728 2001 789 2034 per
806 1991 939 2035 legatos
954 1991 1298 2035 Constantinopolim
1314 1990 1358 2024 ab
1372 2002 1413 2025 eo
1426 1991 1563 2031 missos,
1579 1994 1727 2027 transla-

350 2049 424 2076 tum
450 2044 518 2077 fuit
543 2046 734 2088 pretiosum
762 2057 886 2090 corpus
913 2047 948 2080 S.
975 2047 1160 2081 Anatholii
1185 2048 1418 2092 patriarchae,
1445 2059 1551 2093 quem
1578 2048 1722 2084 Scotum

350 2100 515 2133 faciunt.''
555 2101 689 2135 Locum
702 2103 747 2136 ad
760 2114 815 2136 me
830 2104 925 2137 misit
941 2103 985 2137 R.
1001 2103 1042 2137 P.
1057 2103 1231 2150 Georgius
1245 2103 1413 2139 Leslaeus
1427 2104 1640 2149 Capucinus,
1653 2107 1724 2140 dic-

352 2162 408 2189 tus
434 2155 687 2203 Archangelus,
714 2160 800 2193 civis
826 2171 936 2200 meus,
963 2165 998 2194 et
1021 2161 1274 2196 disertissimus
1292 2161 1528 2203 concionator,
1551 2164 1726 2209 generalis

350 2213 471 2245 socius.
523 2213 668 2259 Scripsit
684 2215 872 2250 Anatolius

498 2269 628 2304 Contra
644 2271 886 2316 Eutychianos
1225 2275 1285 2310 lib.
1306 2285 1330 2310 1.

496 2325 554 2359 Ad
574 2328 830 2363 sanctissimum
848 2330 1001 2364 Leonem
1021 2330 1155 2375 Papam
1226 2333 1286 2366 lib.
1305 2342 1330 2367 Ι.

496 2382 555 2416 Ad
596 2382 773 2428 synodum
811 2386 1078 2423 Oecumenicam
1118 2388 1448 2431 chalcedonensem,
1488 2395 1610 2426 contra
1649 2390 1725 2425 Eu—
