2032 2912
716 326 892 361 GENTIS
916 324 1195 364 SCOTORUM,
1219 323 1308 357 LIB.
1334 323 1381 356 11.
1688 322 1750 354 119

354 430 428 459 tum
449 425 659 470 opusculum
677 423 763 464 vidi,
781 423 970 457 vernacule
987 421 1134 460 editum,
1153 419 1220 455 sub
1238 419 1357 459 titulo,

504 481 723 527 Nepenthes,
743 491 809 523 seu,
823 480 866 513 de
883 478 1094 513 Nicotianae
1113 477 1255 512 Herbae
1271 475 1431 516 Viribus,
1495 474 1555 509 lib.
1577 483 1603 508 1.

406 540 508 575 Vivit
525 539 641 574 adhuc
657 539 696 572 in
713 537 844 572 Scotia.

675 648 951 686 ROBERTUS
976 646 1297 683 BALFOREUS.
1349 649 1435 686 209.

356 769 576 803 Romanis
599 766 799 806 Balforeus,
824 764 881 799 sui
906 764 1015 798 seculi
1039 762 1207 809 phoenix,
1231 760 1364 796 Graece
1388 765 1423 795 et
1441 760 1569 795 Latine
1594 762 1754 796 doctissi-

357 838 447 867 mus,
470 824 705 871 philosophus
731 828 767 858 et
792 821 1064 857 mathematicus
1089 820 1215 865 priscis
1237 818 1494 859 conferendus3
1522 819 1567 853 ad
1592 819 1677 853 haec
1704 819 1756 852 in-

356 884 515 918 credibili
541 893 683 917 morum
708 880 897 921 suavitate,
925 879 1072 913 caritate
1097 878 1137 912 in
1161 877 1349 922 populares
1373 887 1456 911 suos
1483 881 1519 910 et
1537 877 1630 911 cives
1648 877 1755 910 raris-

358 943 459 982 sima,
476 952 517 975 ac
534 940 646 975 veluti
664 939 775 974 totius
793 937 909 984 gentis
927 947 1026 971 sacra
1048 935 1227 975 anchora;
1254 934 1406 980 triginta
1418 934 1496 980 jam
1515 934 1618 969 annis
1642 933 1756 979 Lyce-

358 1010 419 1033 um
439 998 703 1045 Burdegalense
729 1006 869 1031 summa
890 993 1082 1040 prudentia
1103 997 1157 1027 est
1181 992 1396 1033 moderatus,
1425 993 1526 1038 quus
1552 992 1757 1026 claritudini

360 1068 431 1091 non
447 1067 575 1101 parum
593 1054 791 1100 splendoris
808 1053 953 1088 accessit
971 1062 1015 1086 ex
1028 1050 1166 1097 judicio
1182 1049 1267 1084 DN.
1291 1049 1465 1090 Candalii,
1491 1050 1553 1095 qui
1580 1060 1661 1084 eum
1688 1055 1756 1084 tes-

361 1119 520 1149 tamento
537 1112 740 1153 honoravit,
757 1111 858 1145 libris
876 1110 951 1145 suis
968 1109 1133 1145 omnibus
1151 1108 1413 1143 mathematicis
1431 1108 1463 1142 ei
1480 1109 1618 1155 legatis.
1663 1108 1756 1155 Ejus

362 1176 446 1206 sunt
461 1181 470 1204 ε

508 1227 713 1262 Cleomedes
730 1226 863 1261 Graece
881 1229 916 1259 et
934 1224 1064 1259 Latine
1082 1235 1163 1259 cum
1181 1224 1276 1259 notis
1504 1223 1564 1258 lib.
1585 1233 1610 1258 1.

509 1284 708 1319 Concilium
726 1282 899 1317 Nicaeum
917 1281 1051 1316 Graece
1067 1286 1103 1315 et
1120 1281 1250 1316 Latine
1270 1292 1351 1315 cum
1368 1281 1463 1315 notis
1501 1281 1563 1315 lib.
1583 1290 1609 1315 1.
1657 1280 1759 1316 Gela-

557 1341 632 1376 sius
650 1340 847 1386 Cyzicenus
866 1337 998 1373 Graece
1016 1339 1311 1373 commentarium
1328 1338 1367 1372 in
1384 1337 1478 1372 Acta
1495 1338 1591 1372 illius
1609 1338 1758 1374 Concilii

559 1398 729 1437 ediderat,
746 1397 804 1431 hic
821 1396 967 1430 civitate
984 1395 1118 1430 Latina
1134 1396 1282 1430 donavit
1297 1408 1308 1439 ;
1334 1395 1469 1440 prodiit
1487 1395 1647 1431 Parisiis.

511 1455 777 1491 commentaria
793 1454 832 1488 in
850 1452 1057 1488 Aristotelis
1075 1452 1249 1500 Logicam
1506 1453 1567 1487 lib.
1587 1462 1613 1487 1.

508 1512 774 1549 Commentaria
790 1511 828 1545 in
845 1510 1053 1545 Aristotelis
1072 1510 1264 1556 Physicam
1503 1510 1564 1545 lib.
1587 1520 1611 1545 ῐ.

512 1569 779 1606 Commentaria
795 1569 834 1603 in
851 1567 1058 1604 Aristotelis
1077 1567 1233 1603 Ethicen
1505 1569 1566 1603 lib.
1588 1578 1613 1603 1.

512 1627 557 1663 In
575 1627 801 1661 Mechanicas
819 1625 1025 1660 Aristotelis
1047 1625 1187 1668 Notae3
1215 1637 1303 1672 quas
1330 1637 1424 1660 anno
1449 1626 1576 1660 deinde
1594 1633 1762 1672 sequente

561 1684 739 1728 Josephus
757 1684 960 1718 Blancanus
987 1682 1064 1717 Soc.
1091 1683 1115 1717 J
1117 1695 1180 1718 esu
1204 1684 1391 1729 presbyter
1417 1684 1486 1718 alio
1512 1686 1763 1720 commentario

563 1741 769 1781 illustravit,
787 1741 847 1775 sed
865 1745 966 1775 tanta
982 1740 1223 1784 proximitate,
1251 1745 1291 1775 ut
1317 1740 1420 1776 facile
1438 1746 1624 1786 appareret
1642 1742 1764 1776 eadem

566 1799 686 1833 studia
719 1798 915 1833 colentibus
949 1797 1097 1832 eandem
1135 1797 1316 1832 interdum
1356 1809 1432 1833 esse
1471 1799 1685 1833 industriam
1730 1805 1765 1833 et

564 1860 743 1890 eventum.

411 1913 514 1949 Vivit
524 1912 639 1948 adhue
652 1912 886 1959 Burdegalae‚
899 1913 1094 1947 amicorum
1106 1913 1316 1955 subsidium,
1329 1918 1364 1949 et
1375 1914 1492 1961 gentis
1505 1919 1762 1949 ornamentum.

629 2084 949 2120 GUILIELMUS
974 2085 1368 2121 BELLENDENUS.
1421 2089 1504 2121 210.

371 2201 638 2236 GUILmLMUs
677 2200 926 2241 Bellendenus,
965 2201 1041 2235 sive
1083 2201 1322 2242 Ballantinus‚
1365 2201 1616 2237 honestissimo
1658 2202 1765 2237 bona-

370 2271 452 2294 rum
490 2259 623 2294 artium
661 2259 779 2293 studio
819 2256 967 2292 Parisiis
1004 2259 1171 2293 inclaruit
1200 2259 1380 2304 professor
1409 2259 1447 2294 in
1478 2260 1668 2300 academia,
1703 2271 1764 2305 pa-

370 2323 497 2352 tronus
526 2327 714 2352 causarum
743 2317 781 2350 in
811 2326 978 2360 supremo
1003 2315 1202 2350 Galliarum
1228 2322 1380 2358 senatu;
1411 2322 1490 2352 tum
1516 2317 1660 2351 demum
1687 2329 1765 2351 ora-

370 2375 458 2409 toris
492 2385 638 2409 munere
673 2374 883 2408 honestatus
917 2373 1137 2419 principibus
1172 2374 1258 2414 suis,
1293 2374 1453 2422 Reginae
1489 2375 1639 2416 Mariae,
1675 2375 1763 2410 filio-

372 2443 440 2477 que
470 2431 613 2472 Jacobo,
639 2431 777 2466 fidelem
808 2442 951 2476 operam
976 2431 1136 2473 navavit,
1168 2443 1189 2466 a
1215 2443 1286 2477 quo
1311 2433 1505 2477 posteriore
1531 2433 1696 2480 magistri
1721 2433 1763 2467 li·-
