2032 2912
345 325 429 355 294*
738 321 971 354 HISTORIA
995 320 1371 355 ECCLESIASTICA

546 417 704 457 blicavit,
718 421 753 451 et
767 417 946 451 dedicavit
962 416 987 451 J
988 417 1096 452 acobo
1115 417 1282 459 Betonio,
1302 417 1441 452 Scotiae
1455 418 1613 463 primati,
1632 424 1754 464 postea

546 475 731 509 cardinali.

497 532 814 568 continuationem
834 532 938 567 Pauli
958 532 1106 568 Aemilii
1127 533 1312 569 Historiae
1333 533 1500 574 Gallicae,
1520 538 1555 568 et
1573 535 1654 568 alia.

396 591 536 625 Claruit
555 602 649 625 anno
669 599 838 626 MDXXX.

865 709 900 743 S.
929 708 1107 744 FULCO.
1161 711 1244 744 555.

351 830 370 843 ·'·'
390 824 425 858 S.
446 824 599 865 Fumo,
619 825 789 866 Fulchus,
809 830 871 860 aut
891 825 1074 867 Fulchius‚
1094 826 1157 870 qui
1175 836 1219 860 ex
1237 829 1343 871 gente
1361 825 1468 859 Scota
1481 825 1686 865 oriundus‚”
1701 825 1753 858 in-

349 883 428 927 quit
447 882 706 918 Constantinus
735 883 889 918 Ghinius
915 894 998 929 pag.
1018 892 1168 917 LXXIX.
1197 887 1218 902 “
1239 883 1445 917 Placentiae
1471 883 1585 917 literis
1612 894 1755 928 operam

350 941 472 982 dans,''
511 941 760 975 canonicorum
802 941 1113 982 Lateranensium‚
1158 942 1204 975 ad
1248 941 1284 975 S.
1320 940 1557 986 Euphemiae,
1592 941 1756 976 habitum

350 998 493 1039 induit3
527 998 685 1032 Parisios
710 999 842 1033 missus
868 999 1070 1033 studiorum
1096 1011 1182 1046 ergo
1210 999 1506 1046 theologicorum,
1537 1009 1579 1033 ac
1609 999 1756 1034 Placen-

351 1056 438 1090 tiam
462 1067 638 1097 reversus,
666 1057 892 1102 praepositus
918 1057 1077 1092 coenobii
1104 1058 1159 1092 sui
1186 1057 1330 1101 factus3
1361 1061 1439 1091 tum
1466 1057 1756 1104 archipresbyter

351 1114 563 1148 cathedralis
604 1114 780 1154 ecclesiae,
821 1120 857 1149 et
891 1119 1033 1150 mortuo
1068 1115 1248 1150 Grimerio
1283 1116 1470 1160 episcopus
1505 1119 1657 1155 creatus,
1693 1116 1755 1150 sed

350 1177 432 1216 post
458 1184 520 1206 sex
546 1183 668 1212 annos,
699 1173 813 1207 literis
842 1173 995 1208 Honorii
1022 1173 1092 1208 ΙΙΙ.
1120 1175 1165 1208 ad
1191 1174 1419 1208 Ticinensem
1448 1173 1568 1207 sedem
1596 1178 1755 1215 vocatus,

353 1231 539 1277 singulari,
567 1235 609 1265 ut
634 1231 747 1275 prius,
774 1232 964 1265 sanctitate
989 1232 1178 1276 praesedit,
1206 1235 1248 1265 ut
1274 1231 1448 1265 miracula
1474 1230 1580 1265 fidem
1606 1231 1755 1267 faciunt.

353 1289 452 1323 Haec
471 1300 514 1324 ex
538 1289 661 1334 Spelta
677 1290 716 1324 in
734 1289 822 1324 Vita
839 1289 1102 1334 Episcoporum
1122 1289 1366 1334 Papiensium,
1386 1293 1421 1324 et
1439 1289 1611 1324 Breuent.
1631 1291 1673 1339 in
1689 1290 1757 1325 Hi-

354 1348 475 1388 storia,
517 1352 625 1393 atque
665 1349 773 1382 etiam
807 1347 941 1382 Jacobo
976 1347 1105 1382 Gualla
1139 1349 1177 1382 in
1213 1347 1426 1382 Sanctuario
1471 1347 1614 1392 Papiae,
1659 1349 1757 1383 insu-

352 1416 415 1449 per
446 1405 559 1439 officia
584 1406 773 1450 utriusque
802 1406 977 1446 ecclesiae,
1009 1418 1053 1440 ex
1079 1406 1210 1450 quibus
1238 1406 1362 1440 eadem
1390 1405 1524 1450 Philip.
1553 1406 1754 1447 Ferrarius,

354 1465 483 1498 iterum
503 1464 638 1498 ordinis
656 1464 850 1498 Servorum
868 1464 1056 1510 generalis,
1075 1464 1118 1498 de
1135 1462 1276 1498 Sanctis
1295 1463 1422 1498 Italiae
1448 1475 1531 1510 pag.
1551 1473 1754 1499 DCLXXIV.

353 1522 416 1566 qui
435 1523 485 1556 sic
503 1527 643 1556 narrat:
665 1527 686 1542 “
705 1521 849 1563 Fulcus,
869 1533 931 1556 seu
949 1521 1072 1562 Fulco,
1091 1522 1236 1556 natione
1254 1521 1418 1556 Scotus:'’
1444 1523 1539 1556 unde
1557 1523 1674 1557 oritur
1692 1524 1756 1557 du—

354 1580 453 1614 bium
472 1581 510 1614 in
528 1580 690 1620 historia,
719 1580 812 1614 sitne
837 1580 896 1613 hic
921 1580 978 1613 vir
1003 1580 1250 1614 sanctissimus
1276 1583 1382 1625 gente
1409 1579 1547 1620 Scotus,
1575 1585 1617 1614 ut
1643 1582 1757 1626 loqui-

353 1645 413 1673 tur
443 1637 609 1678 Ghinius,
640 1638 708 1672 hoc
735 1643 799 1677 est,
831 1649 875 1671 ex
905 1637 1042 1671 familia
1071 1636 1260 1671 Scotorum
1291 1636 1511 1678 Placentina,
1539 1649 1584 1672 an
1612 1639 1756 1673 natione

356 1697 493 1736 Scotus,
525 1701 567 1730 ut
595 1695 703 1730 habet
736 1695 935 1730 Ferrarius.
1000 1694 1069 1730 Vir
1096 1694 1360 1735 ornatissimus,
1389 1695 1555 1741 idemque
1585 1696 1756 1731 historiae

355 1755 607 1789 ecclesiasticae
636 1754 922 1794 callentissimus,
954 1753 1083 1788 Petrus
1111 1753 1230 1787 Maria
1256 1752 1425 1798 Campus,
1455 1754 1645 1789 canoni-cus
1677 1754 1756 1789 Pla-

356 1813 530 1853 centinus,
568 1817 687 1847 censet
718 1823 799 1846 eum
830 1823 902 1846 non
937 1812 975 1845 in
1010 1811 1130 1846 Scotia
1163 1816 1301 1852 natum,
1337 1812 1399 1846 sed
1434 1823 1478 1846 ex
1512 1813 1757 1848 illustrissima

361 1871 548 1906 Scotorum
568 1870 772 1904 Placentiae
790 1875 919 1916 gente3
948 1875 982 1904 et
1002 1881 1046 1904 ex
1072 1871 1196 1904 multis
1223 1871 1324 1910 actis,
1351 1875 1458 1916 atque
1485 1871 1572 1906 adeo
1598 1872 1758 1906 testimo-

357 1931 416 1964 nio
443 1930 556 1974 ipsius
584 1928 738 1969 Fulchii,
765 1928 893 1973 probat
915 1940 997 1963 eum
1025 1939 1119 1963 anno
1147 1929 1275 1963 aetatis
1303 1940 1388 1963 suae
1417 1929 1526 1963 tertio
1553 1929 1756 1964 Placentiae

356 1988 477 2027 fuisse,
496 1992 537 2021 ut
556 1988 612 2021 vel
631 1987 703 2020 illic
721 1991 846 2020 natum
865 1991 1039 2032 oporteat,
1066 1988 1123 2021 vel
1146 1987 1321 2022 infantem
1340 1986 1460 2022 Scotia
1477 1987 1606 2022 efferri.
1660 1987 1756 2022 Hinc

356 2050 455 2091 patet
494 2056 601 2090 quam
642 2045 785 2089 stupide
826 2044 1006 2079 Henricus
1045 2045 1272 2080 Fitz-Simon
1307 2045 1508 2080 Hirlandus
1553 2045 1757 2081 Hibernum

358 2105 452 2139 hunc
481 2108 644 2138 sanctum
672 2103 806 2144 fecerit,
833 2114 897 2137 nec
924 2104 994 2137 alia
1019 2104 1158 2138 ratione
1185 2115 1294 2149 quam
1320 2105 1406 2150 quia
1431 2109 1538 2150 gente
1563 2103 1670 2139 Scota
1696 2116 1758 2139 na-

356 2168 426 2197 tus.
485 2162 593 2196 Bulla
630 2161 785 2196 Honorii
817 2161 887 2196 III.
918 2163 962 2196 de
992 2173 1064 2207 quo
1094 2162 1266 2202 dicebam,
1298 2163 1336 2197 in
1366 2162 1544 2197 tabulario
1572 2161 1756 2197 Ticinensi

358 2225 550 2261 asservata,
566 2220 616 2254 sic
626 2220 802 2265 loquitur:
821 2225 843 2240 ‘⁶
854 2219 890 2254 S.
905 2219 1067 2261 Fulconi,
1082 2220 1246 2265 episcopo
1260 2220 1462 2266 Papiensi.'’
1488 2220 1570 2267 Ego
1586 2221 1624 2254 111
1636 2221 1758 2256 Mene-

359 2278 453 2324 logio
486 2289 566 2323 pag·
600 2287 735 2311 XXVII.
766 2289 953 2323 perperam
984 2280 1110 2324 putavi
1138 2290 1159 2313 a
1185 2279 1369 2314 Ticinensi
1398 2280 1479 2313 sede
1508 2280 1553 2314 ad
1582 2279 1758 2314 Placenti-

358 2346 441 2370 nam
467 2337 692 2375 translatum,
720 2348 801 2371 cum
828 2348 847 2371 e
872 2341 997 2372 contra
1022 2349 1044 2372 a
1070 2337 1278 2372 Placentina
1303 2338 1348 2372 ad
1376 2337 1601 2373 Ticinensem
1626 2338 1757 2383 migra-

359 2395 419 2429 rit.
471 2394 611 2439 Spiritu
643 2395 851 2440 prophetiae
879 2396 1114 2436 nobilitatum
1150 2407 1235 2430 nam
1270 2408 1351 2430 cum
1386 2400 1597 2442 paupertate
1631 2406 1757 2440 paren-

358 2458 436 2488 tum
478 2464 613 2499 suaque
652 2458 794 2488 coactus
837 2454 956 2489 cibum
1001 2458 1148 2499 peteret,
1195 2455 1323 2488 ancilla
1365 2453 1572 2489 mercatoris
1611 2463 1756 2486 manum
