2032 2912
353 309 417 341 256
738 307 971 341 HISTORIA
995 306 1371 341 ECCLESIASTICA

357 405 515 451 ejusdem
533 402 689 447 corporis
707 402 940 437 sanctissimis
958 402 1118 448 reliquiis
1137 402 1173 437 S.
1193 402 1356 450 Regulus
1373 403 1412 438 in
1430 402 1586 439 Seotiam
1611 405 1750 440 detulit.

357 462 449 497 Vide
467 461 550 496 alibi
569 461 634 494 hoc
652 471 767 505 opere.
820 459 971 505 Scripsit

506 518 795 553 Translationem
814 518 850 553 S.
869 517 1036 553 Andreae
1346 519 1410 554 lib.
1431 528 1457 553 I.

506 575 549 610 In
569 587 685 610 sacras
704 575 906 621 Scripturas
924 576 1060 621 aliquid
1343 577 1404 611 lib.
1426 586 1451 611 1.
1479 576 1549 611 Sed
1568 585 1608 612 N.
1629 586 1666 612 L.

407 634 576 668 Florebat
607 645 701 668 anno
728 643 924 676 cccpxlx.
956 633 1125 669 Meminit
1152 634 1201 669 H.
1233 633 1409 669 Boethius
1439 635 1500 670 lib.
1528 644 1582 670 VI.
1613 636 1751 671 Histor.

356 693 448 727 Scot.
467 703 549 738 pag.
570 700 633 726 CV.
653 696 688 726 et
705 692 777 726 alii.

799 808 836 843 S.
864 807 1163 842 EDMUNDUS.
1218 809 1301 847 472.

353 926 389 961 S.
419 925 674 965 EDMUNDUS,
706 924 888 959 Malcolmi
920 923 991 958 III.
1022 924 1117 970 regis
1143 923 1237 959 filius
1263 935 1307 958 ex
1338 923 1374 958 S.
1402 923 1621 970 Margareta,
1651 930 1753 969 patre

351 984 491 1019 insidiis
509 983 623 1030 Angli
642 984 680 1017 in
699 982 966 1029 expugnatione
983 981 1116 1016 Anvici
1133 986 1329 1027 perempto,
1348 986 1463 1016 matre
1481 982 1589 1016 etiam
1604 982 1641 1017 vi
1655 983 1752 1018 dolo-

351 1042 401 1076 ris
419 1042 605 1081 exstincta,
632 1045 653 1060 “
670 1041 845 1075 mundum
870 1040 965 1074 hunc
983 1040 1129 1074 omnino
1147 1040 1311 1075 deserens
1336 1051 1457 1075 rerum
1483 1051 1520 1074 se
1546 1040 1751 1076 divinarum

351 1099 642 1144 contemplationi
660 1099 698 1132 in
716 1098 909 1132 solitudine
926 1097 1085 1132 coenobii
1102 1098 1246 1143 penitus
1265 1099 1435 1139 addixit,”
1461 1099 1513 1133 ait
1535 1097 1559 1132 J
1561 1110 1640 1133 oan.
1666 1099 1750 1134 Les-

349 1159 447 1192 laeus
472 1157 534 1191 lib.
563 1165 600 1191 V.
627 1168 709 1203 pag.
738 1164 877 1191 CCXIV.
911 1160 947 1190 et
977 1156 1108 1200 repetit
1133 1156 1318 1191 Arnoldus
1344 1156 1467 1191 Uvion
1495 1157 1556 1191 lib.
1586 1166 1646 1191 111.
1674 1169 1749 1203 cap.

350 1224 467 1250 XXVI.
500 1214 636 1249 Fuerat
654 1215 712 1249 hic
729 1214 827 1259 prior
841 1213 877 1248 S.
892 1213 1054 1254 Osualdi‚
1067 1214 1267 1259 praefectus
1282 1214 1500 1255 Kirkhanni,
1514 1220 1549 1249 et
1564 1215 1750 1261 episcopus

350 1274 387 1308 S.
414 1273 582 1307 Andreae
609 1274 764 1313 electus3
793 1283 884 1317 quae
911 1271 1031 1306 omnia
1057 1283 1142 1316 prae
1173 1272 1417 1307 sanctissimae
1443 1273 1539 1307 vitae
1565 1274 1750 1318 proposito

348 1342 517 1379 generose
531 1331 755 1376 contempsit.
796 1330 958 1376 Injurius
972 1334 1026 1364 est
1040 1329 1383 1372 Malmesburiensis‚
1398 1331 1472 1376 qui,
1488 1331 1575 1366 dum
1589 1336 1748 1366 sanctam

350 1401 427 1424 eam
445 1389 600 1423 sobolem
619 1388 805 1434 sigillatim
822 1393 990 1427 recenset,
1008 1386 1104 1421 hunc
1120 1388 1256 1423 omittit
1274 1389 1335 1423 lib.
1352 1397 1395 1423 11.
1414 1390 1457 1424 de
1473 1388 1591 1423 Gestis
1606 1388 1749 1435 Regum

348 1447 550 1494 Anglorum
569 1458 651 1493 pag.
672 1455 743 1480 LII.

397 1505 501 1540 Vixit
519 1516 612 1539 anno
631 1512 816 1538 MLXXXI.

793 1618 830 1653 S.
857 1617 1168 1653 EUCHARIUS.
1221 1620 1305 1656 473.

1395 1706 1408 1720 5

348 1737 384 1772 S.
411 1737 669 1776 Eucrmnms,
703 1735 798 1781 regis
822 1733 961 1768 Scotiae
986 1733 1207 1770 Crathlinthi
1233 1734 1328 1770 filius
1354 1740 1428 1776 aut,
1453 1741 1496 1771 ut
1522 1737 1582 1772 alii
1609 1739 1747 1780 volunt,

346 1807 467 1841 nepos,
485 1796 546 1830 sed
563 1795 601 1828 id
618 1794 747 1829 falsum
772 1805 815 1827 ex
839 1792 1042 1836 Cratepolio
1068 1803 1149 1839 pag.
1174 1802 1228 1827 LI.
1256 1792 1292 1828 S.
1319 1793 1420 1828 Elifii
1445 1794 1568 1837 frater,
1592 1797 1631 1831 in
1653 1797 1747 1843 eJus-

346 1855 426 1889 dem
445 1854 617 1888 comitatu
635 1857 751 1887 aetate
769 1851 899 1886 tenella
916 1850 1034 1895 patria
1057 1862 1232 1897 egressus,
1258 1851 1296 1886 in
1321 1851 1551 1888 Germaniam
1576 1855 1686 1895 venit,
1711 1860 1746 1890 et

346 1912 445 1946 Tulli
465 1922 545 1945 cum
563 1911 674 1945 fratre
693 1910 814 1944 eodem
838 1913 873 1943 et
891 1917 1047 1942 XXXIII.
1075 1910 1265 1944 comitibus
1290 1910 1328 1944 in
1353 1921 1528 1945 carcerem
1552 1912 1744 1958 conjectus,

346 1971 468 2004 divina
486 1974 604 2003 autem
622 1968 843 2014 benignitate
860 1967 1042 2006 liberatus,
1060 1968 1193 2002 multos
1211 1968 1256 2002 ad
1273 1967 1392 2003 Deum
1409 1970 1597 2011 convertit,
1615 1975 1651 2005 et
1660 1971 1744 2017 jure

345 2028 601 2073 Lotharingiae
619 2032 654 2060 et
672 2025 885 2060 Germaniae
897 2023 1094 2069 Apostolus
1108 2025 1178 2060 dici
1191 2026 1305 2071 possit
1317 2037 1326 2067 ;
1352 2037 1436 2061 nam
1449 2027 1511 2068 ibi,
1525 2027 1549 2061 J
1551 2029 1671 2063 uliano
1685 2040 1745 2074 pa-

345 2086 469 2120 rabata
482 2085 642 2131 jubente,
661 2095 742 2118 cum
760 2083 882 2123 fratre,
902 2087 937 2116 et
955 2087 1031 2117 toto
1045 2094 1191 2118 suorum
1205 2084 1381 2125 sodalitio,
1396 2095 1461 2129 pro
1475 2084 1621 2121 Christo
1634 2088 1746 2122 cervi-

346 2155 400 2178 ces
412 2144 527 2184 dedit3
541 2153 667 2187 corpus
680 2153 764 2176 vero
776 2142 852 2188 ejus
860 2140 1046 2175 Coloniam
1058 2142 1284 2183 translatum,
1296 2143 1333 2177 in
1345 2143 1490 2178 ecclesia
1497 2142 1585 2178 Divi
1593 2144 1745 2180 Martini

349 2201 498 2246 Majoris
507 2202 612 2246 jacet.
654 2200 795 2244 Scripta
808 2199 917 2245 hujus
931 2198 1093 2239 historia,
1105 2204 1147 2234 ut
1158 2204 1193 2234 et
1205 2200 1393 2242 sociorum,
1407 2212 1470 2246 per
1485 2201 1520 2236 S.
1535 2201 1744 2238 Brunonem

349 2258 650 2302 archiepiscopum
669 2257 928 2297 Coloniensem,
948 2261 984 2291 et
1002 2255 1038 2290 S.
1057 2256 1256 2292 Robertum
1275 2269 1338 2293 seu
1356 2258 1560 2304 Rupertum
1579 2260 1743 2296 abbatem

347 2315 581 2355 Tuitiensem,
616 2320 657 2349 ut
692 2315 857 2349 omittam
887 2314 1027 2349 tabulas
1063 2315 1228 2349 laudatae
1263 2317 1427 2351 ecclesiae
1443 2327 1453 2358 ;
1491 2323 1527 2352 et
1558 2317 1742 2362 Rupertus

347 2373 492 2418 quidem
517 2373 627 2407 vitam
654 2372 796 2407 Albano
820 2372 925 2407 Scoto
952 2371 988 2406 S.
1016 2372 1167 2407 Martini
1194 2375 1402 2409 monasterii
1429 2374 1597 2410 Coloniae
1623 2375 1744 2411 Scoto-

346 2441 428 2464 rum
447 2430 634 2470 dedicavit,
652 2435 694 2464 ut
712 2429 838 2465 Surius
852 2430 1018 2475 producit
1035 2435 1122 2466 tom.
1138 2439 1175 2465 V.
1191 2440 1277 2466 XVI.
1293 2432 1420 2469 Octob.
1434 2433 1496 2467 ubi
1512 2433 1614 2468 haec:
1634 2438 1655 2453 “
1666 2432 1742 2467 Eu-
