2032 2912
659 344 834 378 GENTIS
858 345 1135 385 SCOTORUM,
1159 347 1248 380 LIB.
1273 347 1313 379 V.
1619 347 1679 379 261

298 439 395 473 Flor.
414 437 620 483 Exemplor.
638 438 695 472 tit.
715 448 801 473 XLI.
821 438 837 488 §
857 450 916 475 IX.
968 440 1059 487 Ejus
1077 442 1205 476 merita
1221 442 1260 476 in
1276 441 1392 488 majus
1410 442 1548 477 extollit
1572 441 1617 476 R.
1638 441 1679 476 P.

297 496 473 542 Georgius
491 495 765 540 Elphinstonus,
783 497 942 542 ejusdem
961 498 1138 532 societatis
1155 499 1379 533 doctissimus
1400 499 1596 546 theologus,
1619 500 1681 544 qui

297 554 360 588 diu
377 564 507 600 magno
525 554 700 598 applausu
724 554 762 587 in
788 553 980 588 Germania
1001 554 1194 599 professus,
1219 566 1313 590 nunc
1336 555 1522 591 Scotorum
1545 556 1680 591 Romae

296 611 446 658 Collegii
464 615 518 646 est
534 611 820 655 sapientissimus
838 611 1049 646 moderator.

347 668 447 703 Obiit
463 679 557 703 anno
575 677 773 703 MDxcvn.

796 782 1049 818 EREMITA.
1102 785 1185 818 481.

299 898 501 934 EREMITA
526 900 673 945 quidam
698 899 825 934 Scotus
851 899 1045 946 imaginem
1070 898 1247 944 Deiparae
1273 899 1433 947 Virginis
1459 900 1678 936 Lauretanae

297 957 456 993 humeris
474 958 548 993 suis
565 958 603 992 in
621 958 788 999 Scotiam,
807 958 932 993 divina
948 957 1163 992 revelatione
1180 957 1395 999 admonitus,
1413 959 1624 1003 deportavit,
1650 964 1685 993 et

299 1014 546 1062 Mussilburgi,
571 1020 699 1061 quarto
716 1028 738 1051 a
755 1016 855 1062 regia
877 1014 1104 1061 Edimburgo
1120 1015 1248 1060 lapide,
1274 1016 1361 1050 villa
1378 1015 1498 1050 Sancti
1517 1016 1684 1051 Germani

299 1073 474 1117 deposuit,
500 1073 546 1108 ad
568 1085 676 1119 quam
700 1078 778 1109 toto
801 1084 922 1120 regno,
949 1077 1057 1117 atque
1082 1073 1190 1108 etiam
1216 1085 1260 1108 ex
1285 1073 1431 1120 Anina,
1454 1074 1684 1109 creberrimus

299 1130 441 1175 piorum
470 1131 658 1166 hominum
683 1142 887 1172 concursus,
915 1135 951 1165 et
976 1131 1131 1165 solennis
1156 1132 1407 1178 peregrinatio.
1434 1131 1491 1167 Jo.
1518 1132 1685 1167 Leslaeus

300 1188 359 1223 lib.
381 1198 437 1223 lx.
458 1189 555 1224 Hist.
575 1189 668 1224 Scot.
687 1201 769 1236 pag.
794 1198 1002 1224 ccccxnu.
1056 1188 1207 1234 Scripsit

448 1246 699 1282 Revelationes
717 1258 799 1282 suas
1190 1247 1250 1282 lib.
1270 1256 1295 1282 1.

350 1304 478 1339 Delata
495 1309 550 1339 est
566 1306 611 1340 ab
628 1317 669 1340 eo
686 1306 806 1351 imago
823 1317 881 1340 an.
895 1313 1082 1339 MDXXXI.
1116 1304 1297 1340 Existimo
1309 1305 1405 1340 hunc
1418 1310 1453 1340 et
1466 1305 1686 1344 monachum,

300 1367 334 1397 et
352 1363 486 1397 ordinis
505 1362 736 1397 Eremitanae
754 1363 800 1397 D.
821 1363 1047 1408 Hieronymi,
1071 1363 1167 1408 quod
1190 1364 1249 1397 ille
1272 1364 1358 1398 ordo
1381 1363 1502 1398 Sancti
1521 1362 1687 1397 Germani

301 1420 507 1455 coenobium
529 1420 688 1462 haberet,
709 1421 796 1456 viris
815 1421 928 1456 doctis
947 1427 981 1455 et
1000 1421 1132 1456 sanctis
1150 1421 1294 1456 celebre.

769 1594 806 1629 S.
834 1593 1089 1629 EMERITA.
1143 1595 1229 1629 482.

301 1710 337 1744 S.
370 1710 584 1750 ΕΜΕΒΙΤΑ,
611 1710 715 1756 virgo
749 1710 884 1756 regina,
910 1710 1005 1756 regis
1031 1710 1139 1755 primi
1166 1709 1362 1745 Christiani
1387 1709 1424 1744 S.
1452 1709 1555 1743 Lucii
1580 1720 1689 1748 soror,

300 1779 391 1814 quae
408 1779 481 1802 una
498 1779 579 1802 cum
597 1779 681 1814 rege
706 1767 817 1802 fratre
843 1768 1054 1803 auctoritate
1080 1768 1274 1813 apostolica
1298 1768 1456 1803 converti
1482 1767 1621 1807 meruit,
1648 1773 1688 1801 ut

301 1826 362 1860 lib.
382 1835 439 1860 XI.
458 1826 497 1860 in
514 1825 550 1859 S.
569 1824 682 1860 Lucio
700 1830 876 1871 apertum.
929 1826 1029 1861 Haec
1046 1838 1152 1872 porro
1170 1827 1272 1861 illum
1289 1826 1327 1860 in
1352 1825 1536 1860 Helvetios
1560 1829 1689 1864 secuta,

301 1884 402 1930 regio
419 1883 564 1929 fastigio
578 1884 819 1918 voluntariam
834 1885 1005 1929 praetulit
1018 1889 1265 1929 paupertatem
1279 1897 1289 1927 3
1311 1889 1345 1918 et
1358 1895 1438 1918 cum
1452 1884 1508 1928 pie
1522 1884 1569 1917 ibi
1583 1884 1690 1917 vixis-

302 1946 366 1982 set,
386 1942 552 1988 religioso
569 1941 639 1975 fine
657 1941 815 1976 eremitis
833 1942 991 1982 decessit,
1010 1943 1141 1987 oppido
1160 1942 1363 1977 Trimontio
1380 1943 1527 1986 sepulta,
1546 1946 1586 1975 ut
1610 1952 1688 1975 cum

303 2000 380 2044 ipsa
396 2000 547 2034 veritate
565 2003 744 2034 testantur
761 2004 922 2034 auctores
940 2000 1001 2034 lib.
1022 2010 1079 2035 XI.
1098 2001 1136 2035 in
1154 2000 1267 2034 Lucio
1284 1999 1378 2034 infra
1396 2000 1573 2034 laudandi.

351 2057 523 2102 Deposita
537 2061 591 2091 est
605 2068 698 2091 anno
712 2066 919 2092 chxvm.
959 2057 1101 2093 Colitur
1114 2067 1232 2093 xxvr
1247 2057 1348 2092 Maii.
1380 2057 1556 2092 Molanus.
1588 2055 1623 2089 A
1641 2057 1688 2090 le-

301 2120 384 2162 gato
402 2115 582 2160 pontificio
600 2116 749 2150 salutari
768 2116 864 2150 unda
877 2115 1022 2161 perfusa
1037 2125 1097 2152 111.
1116 2116 1282 2151 Decemb.
1318 2115 1572 2150 Constantinus
1585 2113 1688 2148 Felix

302 2174 611 2219 Epherneridibus.

706 2290 980 2326 ROBERTUS
1006 2290 1166 2326 ELLIS.
1218 2293 1299 2325 483.

302 2407 525 2441 Rogamus
559 2406 663 2448 Ellis,
707 2408 861 2443 vicarius
905 2409 1127 2453 episcopatus
1170 2405 1412 2445 Cathenensis‚
1456 2406 1512 2440 vir
1554 2416 1594 2439 eo
1637 2415 1686 2438 se-

301 2466 379 2500 culo
423 2477 524 2500 rarae
566 2465 758 2506 doctrinae,
808 2466 1092 2511 incomparabilis
1140 2464 1406 2504 aestimationis,
1449 2474 1492 2498 ex
1534 2462 1685 2497 Albione
