2032 2912
324 300 386 331 1¹78
704 296 937 330 HISTORIA
961 295 1337 330 ECCLESIASTICA

327 406 413 430 auro
444 399 479 429 et
509 397 667 438 argento,
698 392 837 426 coronis
862 396 897 425 et
920 392 1086 432 lucernis,
1110 396 1146 427 et
1170 393 1335 427 omnibus
1360 393 1461 428 bonis
1486 394 1603 429 locum
1627 397 1723 431 hunc

325 453 477 499 gloriose
496 450 693 495 provexit.'’
736 449 906 483 Meminit
924 454 959 483 et
977 449 1149 484 VVicelius
1163 451 1290 496 junior
1306 451 1345 485 in
1359 451 1446 486 Vita
1464 451 1499 486 S.
1522 453 1700 488 Bonifacii
1716 465 1723 488 :

588 525 783 563 Progenerans
796 524 933 563 quosdam
950 523 1051 563 Stygio
1065 533 1081 551 e
1095 523 1202 552 foetore
1217 528 1369 558 scatentes,

586 573 749 612 Insipidum
764 573 930 605 Albertum,
946 572 1126 600 Clementem
1141 576 1170 599 et
1185 571 1291 600 finibus
1305 571 1406 606 isdem,

588 621 765 654 Samsonem,
782 621 889 654 Scotos,
905 620 1008 649 sinceri
1022 619 1163 657 dogmatis
1177 619 1281 653 hostes,

587 668 740 698 Audentes
755 678 839 697 sanae
854 668 1000 697 doctrinae
1015 676 1157 705 opponere
1173 666 1274 695 sancti.

371 744 520 789 Scripsit
539 755 647 788 super
667 749 764 778 mota
781 742 1034 782 controversia,

470 802 513 836 In
532 801 759 835 Bonifacium
1218 801 1279 835 lib.
1300 810 1325 834 1.

469 859 525 894 De
543 859 785 894 Grammatica
1220 859 1281 893 lib.
1302 867 1327 892 1.
1354 863 1396 893 ut
1414 870 1458 893 ex
1476 859 1556 894 MS.
1576 867 1722 906 apparet

514 919 591 964 jam
611 917 773 962 proxime
793 917 952 951 laudato.

469 976 651 1021 Epistolas
670 975 714 1008 ad
732 975 923 1018 populares
943 973 1066 1008 Scotos
1216 974 1277 1008 lib.
1298 983 1323 1008 1.

469 1034 524 1068 De
545 1032 776 1067 Eucharistia
1219 1032 1280 1066 lib.
1302 1041 1326 1066 Ι.

367 1093 586 1126 Damnatum
606 1091 732 1123 volunt
750 1100 771 1122 a
789 1089 824 1122 S.
844 1089 1015 1124 Zacharia
1034 1089 1199 1134 pontifice
1219 1090 1257 1123 in
1282 1092 1418 1135 synodo
1444 1092 1607 1127 Romana
1630 1104 1724 1127 anno

319 1159 496 1185 DCCXLV.
515 1149 644 1183 obiisse
662 1158 747 1181 vero
765 1151 915 1191 putatur
934 1156 1052 1181 DCCL.
1096 1147 1139 1181 In
1157 1148 1306 1182 concilio
1325 1148 1542 1184 Vercellensi
1561 1162 1582 1184 a
1604 1150 1724 1185 Leone

319 1208 387 1242 IX.
406 1207 583 1253 pontifice,
601 1206 779 1239 damnatis
793 1205 904 1245 libris,
923 1205 1042 1249 ipsum
1057 1217 1129 1239 non
1144 1205 1254 1240 fuisse
1269 1206 1491 1249 damnatum,
1508 1208 1627 1252 prodit
1639 1207 1721 1242 Ful-

318 1278 394 1313 gos.
413 1266 474 1301 lib.
494 1275 519 1299 1.
539 1276 614 1310 cap.
637 1273 662 1297 1.
681 1264 724 1297 de
742 1262 838 1296 Dict.
858 1264 1076 1298 memorabil.

791 1379 834 1412 B.
855 1379 1108 1414 CLEMENS.
1163 1383 1246 1415 308.

320 1499 482 1533 MULTIS
513 1503 593 1543 post
624 1498 688 1531 hos
720 1497 845 1530 seculis
877 1494 1041 1530 Clemens
1073 1496 1199 1532 Scotus
1230 1497 1489 1533 Dominicanus
1521 1510 1565 1533 ex
1595 1499 1723 1542 Gallia,

321 1558 590 1591 commendante
631 1566 711 1589 eum
753 1555 830 1598 ipso
871 1554 907 1588 S.
942 1554 1132 1588 Dominico
1166 1554 1375 1590 Alexandro
1409 1557 1486 1602 regi
1525 1558 1563 1591 in
1598 1557 1724 1592 Galliis

322 1615 452 1661 agenti,
485 1615 522 1648 in
558 1613 713 1647 Scotiam
750 1624 830 1646 cum
862 1621 933 1645 VII.
971 1612 1144 1646 fratribus
1176 1613 1327 1658 trajecit,
1359 1618 1395 1648 et
1425 1614 1569 1648 Bervici
1605 1626 1725 1650 mona-

318 1673 470 1706 sterium
490 1672 624 1706 ordinis
644 1671 699 1704 sui
720 1671 833 1704 erexit
851 1670 918 1703 sub
935 1671 1078 1703 nomine
1096 1670 1133 1704 S.
1153 1670 1358 1705 Trinitatis.
1398 1671 1541 1707 Floruit
1555 1674 1645 1707 “vir
1658 1674 1725 1708 fide

318 1735 352 1764 et
379 1730 575 1764 virtutibus
602 1728 761 1773 plenus,⁷'
790 1728 841 1762 ait
872 1727 1035 1761 Leander
1065 1727 1208 1762 Alberti
1235 1729 1474 1764 Bononiensis
1501 1731 1563 1765 lib.
1591 1740 1652 1766 111.
1681 1732 1724 1766 de

319 1787 399 1822 Vir.
431 1788 559 1821 illustr.
592 1787 833 1821 Praedicator.
864 1785 1021 1831 Egregie
1047 1786 1149 1820 illum
1176 1798 1197 1820 a
1223 1787 1336 1821 literis
1364 1792 1399 1822 et
1424 1788 1558 1833 pietate
1584 1790 1724 1824 extollit

319 1845 509 1890 Philippus
529 1845 695 1889 WVolpius
710 1845 771 1878 lib.
788 1853 848 1877 111.
863 1844 906 1877 de
922 1843 1125 1878 Peritorum
1141 1843 1312 1878 Virorum
1332 1845 1440 1880 Vitis.
1485 1846 1636 1882 Dublini
1652 1849 1724 1894 epi-

319 1908 503 1948 scopatum
531 1904 682 1949 gessisse
706 1906 856 1936 constat.
913 1902 1116 1946 Stephanus
1147 1902 1347 1949 Sampayus
1378 1905 1416 1938 in
1447 1904 1652 1947 Stemmate,
1688 1912 1723 1941 et

318 1961 342 1994 J
344 1973 422 1996 oan.
441 1961 594 1995 Michael
610 1961 757 1995 Plodius
772 1960 1009 1994 Bononiensis
1023 1959 1227 1995 Annalibus
1242 1961 1574 1997 Dominicanorum.
1606 1963 1723 2010 Scrip-

318 2020 364 2054 sit

468 2078 664 2112 Conciones
1263 2078 1327 2112 lib.
1348 2088 1373 2113 1.

468 2135 590 2170 Vitam
611 2136 645 2169 S.
667 2136 845 2170 Dominici
1263 2137 1325 2170 lib.
1346 2147 1371 2171 1.
1398 2137 1570 2174 Forduno
1587 2143 1688 2174 teste.

470 2194 618 2227 Ordinis
638 2195 692 2227 sui
712 2195 748 2227 in
768 2194 923 2227 Scotiam
943 2193 1131 2239 Ingressus
1269 2195 1330 2229 lib.
1352 2205 1376 2229 Ι.

468 2251 522 2284 De
542 2251 833 2297 Peregrinatione
851 2253 894 2285 ad
914 2251 1009 2286 Loca
1028 2257 1150 2286 sancta
1265 2253 1327 2287 lib.
1349 2262 1392 2287 ΙΙ.

371 2308 539 2342 Florebat
568 2320 660 2342 anno
691 2318 814 2343 MCCL.
847 2310 914 2344 sub
944 2310 1151 2344 Alexandro
1184 2310 1232 2344 ΙΙ.
1266 2323 1349 2357 rege
1380 2311 1530 2346 Scotiae.
1563 2312 1635 2347 Ubi
1662 2318 1725 2347 aut

321 2366 464 2411 quando
482 2366 621 2406 obierit,
641 2368 771 2407 nullus,
791 2368 886 2412 quod
905 2368 1024 2407 sciam,
1044 2369 1218 2412 scriptum
1237 2370 1394 2414 reliquit.
1448 2369 1586 2404 Putant
1603 2374 1723 2404 tamen

323 2424 471 2458 Dublini
497 2424 707 2465 excessisse3
741 2426 801 2458 sed
828 2425 887 2458 ille
914 2437 986 2460 non
1014 2425 1164 2460 Dublini
1191 2427 1351 2467 antistes,
1379 2438 1504 2461 verum
1528 2427 1724 2461 Dumblani
