2032 2912
708 337 885 370 GENTIS
910 337 1188 376 SCOTORUM,
1213 336 1302 370 LIB.
1327 336 1392 368 111.
1685 336 1747 369 139

782 490 819 524 S.
846 487 1174 523 COLMANNUS.
1226 492 1311 527 239.

347 609 383 643 S.
408 609 671 643 COLMANNUS
694 606 788 639 inter
809 603 1095 648 splendidissima
1121 603 1258 638 Scotiae
1284 609 1426 639 nostrae
1450 610 1659 639 ornamenta
1684 604 1745 638 ha-

347 667 492 700 bendus.
521 664 625 698 Joan.
653 663 822 697 Leslaeus
849 661 910 695 lib.
943 670 995 694 lv.
1029 660 1127 695 Hist.
1155 661 1314 696 Scoticae
1340 673 1423 708 pag.
1457 671 1604 696 CXLIII.
1637 661 1741 696 Hect.

346 723 518 757 Boethius
537 722 597 755 lib.
617 730 706 754 v111.
731 720 770 753 in
794 719 863 753 fine
888 718 1072 753 Historiae
1090 719 1269 754 Scoticae:
1297 725 1319 740 “
1338 721 1438 755 Inter
1463 726 1640 756 nostrates
1664 721 1744 756 Col·-

344 791 506 820 mannus,
532 779 687 818 Priscus,
707 778 894 816 Medanus,
914 776 1103 819 Modanus,
1133 783 1168 812 et
1189 778 1389 819 Euchinus,
1414 779 1581 824 episcopi,
1607 779 1743 814 Christi

343 837 520 883 dogmatis
539 847 602 881 per
619 834 806 869 Scotorum
824 840 860 868 et
877 834 1061 868 Pictorum
1079 847 1184 882 agros
1202 836 1253 880 pii
1272 837 1567 871 concionatores.’'
1614 837 1744 871 Mona—

344 895 471 928 sticam
489 895 601 929 vitam
620 897 674 927 est
697 892 878 937 professus
902 892 968 926 sub
990 894 1115 938 regula
1132 894 1167 927 S.
1187 893 1360 940 Congelli,
1385 905 1457 928 non
1481 899 1601 929 autem
1620 894 1655 928 S.
1676 894 1744 928 Be-

344 952 486 992 nedieti,
517 957 641 986 contra
669 962 779 995 quam
814 950 1029 994 quibusdam
1059 952 1208 985 eruditis
1238 952 1413 996 placuisse
1444 953 1559 986 video.
1625 952 1743 986 Caris-

342 1010 455 1045 simus
480 1010 602 1044 Oswio
625 1008 971 1043 Northumbriorum
995 1008 1072 1054 regi
1095 1008 1139 1042 ob
1163 1008 1340 1054 insignem
1365 1010 1605 1054 prudentiam,
1631 1010 1743 1054 parsi-

342 1069 511 1108 moniam,
539 1071 574 1101 et
601 1067 696 1101 vitae
720 1066 986 1105 continentiam,
1011 1066 1069 1099 sed
1098 1077 1207 1111 supra
1230 1067 1360 1107 omnia,
1389 1067 1574 1113 egregium
1597 1067 1635 1101 in
1656 1078 1744 1111 pau-

342 1137 442 1170 peres
460 1126 638 1160 affectum.
671 1124 923 1159 Lindisfarnae
941 1125 1126 1169 episcopus
1139 1132 1200 1157 111.
1216 1123 1252 1157 S.
1266 1124 1431 1158 Finnano
1445 1125 1624 1165 successit,
1637 1129 1659 1144 “
1672 1136 1742 1169 quo

342 1189 500 1228 tempore
525 1183 671 1229 gravior
696 1184 739 1216 de
766 1182 1012 1216 observatione
1038 1181 1206 1221 Paschae,
1231 1193 1294 1216 nec
1317 1193 1390 1215 non
1411 1180 1447 1216 et
1471 1182 1514 1216 de
1537 1183 1616 1216 aliis
1635 1184 1741 1217 eccle-

341 1242 504 1275 siasticae
522 1242 618 1275 vitae
636 1240 845 1284 disciplinis,
864 1239 1108 1274 controversia
1118 1244 1205 1273 nata
1219 1240 1303 1279 est‚''
1323 1240 1374 1274 ait
1392 1239 1492 1274 Beda
1509 1240 1568 1274 lib.
1590 1249 1649 1274 111.
1666 1251 1741 1285 cap.

342 1307 443 1334 XXV.
474 1309 582 1342 super
610 1298 740 1343 quibus
775 1297 880 1330 rebus
915 1297 1098 1342 ingentem
1132 1297 1288 1341 suscepit
1325 1298 1623 1331 concertationem
1660 1309 1741 1331 cum

341 1355 512 1390 Wilfrido
524 1355 743 1390 Eboracensi
758 1355 933 1399 episcopo,
947 1360 988 1388 ut
1002 1354 1139 1399 prolixe
1153 1354 1344 1398 exequitur
1356 1354 1468 1394 Beda,
1483 1360 1518 1389 et
1533 1355 1741 1389 Matthaeus

339 1413 596 1448 XVestmonast.
621 1424 665 1447 ex
687 1424 759 1458 quo
785 1413 899 1457 liquet
924 1423 1045 1458 regem
1071 1412 1191 1456 ipsum
1214 1411 1420 1446 interfuisse
1444 1413 1702 1457 disputationi,¹
1722 1424 1742 1446 a

339 1482 410 1516 qua
423 1482 504 1506 cum
519 1472 618 1505 visus
633 1475 724 1505 esset
736 1470 884 1504 inferior
894 1470 1065 1509 recedere,
1079 1470 1155 1503 sine
1169 1470 1289 1503 dolore
1304 1480 1367 1504 seu
1379 1470 1622 1514 poenitudine,
1632 1475 1652 1489 ‘⁶
1660 1481 1740 1504 cum

338 1529 413 1563 suis
431 1530 469 1563 in
493 1529 649 1564 Scotiam
673 1528 869 1568 reversus‚'’
887 1532 929 1562 ut
949 1528 1110 1572 loquitur
1128 1527 1386 1562 Westrrionast.
1411 1539 1496 1562 mox
1520 1540 1538 1562 e
1560 1528 1679 1562 Scotia
1704 1528 1741 1561 in

339 1587 474 1621 insulas
494 1587 683 1627 Hebrides,
710 1597 863 1631 quarum
883 1598 904 1620 a
921 1586 1102 1620 nonnullis
1126 1586 1308 1630 apostolus
1333 1586 1495 1626 habetur,
1518 1586 1665 1632 collegio
1691 1586 1741 1620 ibi

339 1649 467 1679 erecto.
486 1645 591 1679 Joan.
612 1645 732 1690 Major
750 1645 811 1678 lib.
832 1654 875 1677 11.
896 1643 994 1678 Hist.
1013 1643 1104 1677 Scot.
1125 1654 1202 1687 cap.
1222 1653 1279 1677 xl.
1308 1643 1630 1688 Archiepiscopum
1654 1643 1739 1678 facit

339 1702 522 1736 Arnoldus
540 1702 662 1735 Uvion
679 1702 740 1735 lib.
754 1710 797 1734 11.
820 1700 931 1746 Ligni
948 1700 1055 1735 Vitae
1073 1712 1154 1746 pag.
1172 1710 1340 1735 CCXLVI.
1359 1706 1395 1734 et
1409 1702 1499 1735 male
1517 1713 1598 1735 cum
1616 1707 1737 1745 patro-

338 1770 384 1793 no
403 1759 574 1794 Austriae
591 1758 789 1793 confundit.
842 1758 934 1792 Vide
957 1756 997 1792 S.
1021 1755 1239 1791 Colmannus
1256 1759 1347 1792 alius
1372 1758 1478 1792 infra.
1505 1758 1642 1792 Anton.
1667 1759 1738 1793 De-

339 1817 494 1851 mochar.
521 1816 674 1851 Sacrific.
704 1817 808 1850 Miss.
835 1820 922 1850 tom.
950 1824 1011 1849 111.
1038 1826 1114 1860 cap.
1146 1825 1213 1850 xv.
1266 1815 1416 1860 Scripsit
1446 1827 1511 1860 pro
1539 1827 1577 1849 re
1603 1817 1739 1861 discep-

338 1879 426 1914 tata,

486 1931 558 1966 Pro
576 1932 688 1966 Sociis
707 1932 1043 1976 quartadecumanis
1274 1931 1335 1965 lib.
1358 1940 1382 1965 1.
1402 1942 1472 1976 quo
1490 1929 1632 1965 nornine
1651 1931 1736 1966 Pas-

535 1990 602 2023 cha
619 1989 786 2023 Romano
803 1989 878 2023 ritu
896 1989 1113 2024 celebrantes
1133 1989 1328 2023 deridebat.

485 2047 540 2081 De
559 2047 727 2081 Tonsura
744 2046 962 2080 Clericorum
1272 2047 1334 2080 lib.
1356 2055 1381 2080 Ι.
1408 2058 1491 2080 nam
1516 2059 1557 2081 ea
1574 2047 1734 2092 quaestio

536 2116 608 2139 non
625 2106 774 2139 minima
790 2110 876 2139 tunc
893 2109 979 2145 erat,
998 2105 1049 2138 ait
1066 2104 1176 2138 Beda.

484 2162 785 2205 Exhortationem
803 2163 847 2196 ad
867 2162 1106 2196 Hebridianos
1272 2163 1332 2197 lib.
1353 2171 1377 2195 1.
1394 2162 1472 2196 MS.
1492 2163 1529 2196 in
1548 2162 1733 2197 bibliothe-

535 2232 576 2254 ca
593 2221 686 2266 regis
705 2220 951 2255 Christianiss.

386 2279 646 2323 Episcopatum
678 2277 1008 2312 Lindisfarnensem
1037 2278 1223 2322 occupavit
1251 2289 1308 2312 an.
1341 2279 1403 2312 sal.
1434 2287 1574 2312 DCLXI.
1603 2277 1730 2312 Franc.

337 2337 501 2371 Godwin.
567 2335 612 2370 In
646 2336 801 2370 Scotiam
832 2347 917 2369 vero
948 2336 1054 2369 rediit
1083 2347 1177 2370 anno
1209 2345 1378 2370 DeLXIV.
1414 2340 1448 2370 et
1482 2336 1604 2370 eodem
1639 2347 1732 2369 anno

338 2394 514 2429 Hebrides
549 2394 794 2440 adnavigavit.
842 2393 894 2428 M.
926 2393 1221 2428 WVestmonaster.
1270 2393 1411 2428 Obiisse
1446 2394 1603 2427 creditur
1638 2405 1731 2427 anno

338 2461 492 2486 Dcnxx.
521 2452 588 2487 sub
614 2452 816 2486 Mailduino
842 2463 935 2498 rege.
990 2450 1131 2485 Colitur
1158 2460 1252 2485 X111.
1281 2451 1408 2486 Octob.
1437 2451 1591 2498 Mat-tyr.
1619 2451 1729 2497 Angl.
