2032 2912
354 310 395 339 22
727 302 951 336 HISTORIA
976 298 1342 332 ECCLESIASTICA

356 403 440 441 zelo,
458 403 619 444 superata
635 397 806 432 foeminea
823 395 1026 441 fragilitate,
1045 393 1229 428 accedente
1243 392 1348 426 etiam
1365 392 1423 435 pia
1437 390 1589 425 fratrum
1604 391 1728 425 exhor-

353 460 494 496 tatione,
521 455 628 489 oculis
654 465 692 488 ac
719 453 881 487 manibus
907 453 944 485 in
970 453 1104 485 coelum
1127 451 1284 489 intentis,
1310 448 1493 482 Christum
1512 447 1727 487 confitentes,

354 513 594 548 cruentissima
610 511 712 544 caede
729 510 892 554 martyrii
910 510 1063 553 palmam
1081 507 1358 552 adipiscuntur.’'

400 568 615 612 Martyrium
632 577 753 610 passae
770 570 854 599 sunt
872 566 975 600 citius
990 576 1060 599 uno
1074 576 1166 599 anno
1183 575 1289 608 quam
1303 563 1431 597 fratres
1445 572 1455 603 ς
1475 561 1542 596 hoc
1556 566 1621 601 est,
1636 573 1728 595 anno

354 633 540 660 CCCCXIX.

830 737 864 771 S.
892 735 1133 771 ASAPHUS.
1187 737 1244 769 21.

356 854 391 887 S.
421 852 608 887 ASAPHUS
637 851 673 885 S.
705 851 914 896 Kentigerni
944 850 1147 894 discipulus,
1183 850 1255 894 qui,
1289 850 1383 893 quod
1414 849 1503 895 regii
1533 854 1623 883 esset
1653 860 1730 883 san-

353 910 483 955 guiniS‚
512 908 663 942 factione
689 907 912 952 popularium
942 907 1059 950 patria
1088 907 1223 950 pulsus,
1254 907 1345 940 circa
1374 917 1508 940 annum
1539 915 1637 940 DLX.
1668 907 1729 940 ha-

355 967 436 1000 bent
477 966 618 998 annales
662 964 786 1003 nostri,
833 964 950 997 sedem
999 963 1037 996 in
1088 962 1221 997 Wallia
1271 963 1502 1007 episcopalem
1553 963 1729 1003 fundavit,

352 1033 441 1066 quae
458 1026 577 1065 postea
592 1020 811 1064 Asaphensis
829 1020 924 1053 dicta
945 1026 1017 1053 est:
1043 1020 1104 1053 sed
1121 1020 1184 1063 ,ille
1207 1020 1252 1053 ad
1274 1031 1355 1053 suos
1378 1025 1562 1055 revocatus
1586 1021 1730 1055 institu-

350 1084 422 1112 tam
452 1088 564 1121 nuper
592 1077 800 1121 dignitatem
830 1075 1001 1120 discipulo
1031 1087 1096 1110 suo
1125 1077 1297 1111 concessit
1326 1076 1486 1122 Asapho,
1516 1079 1579 1123 qui
1607 1088 1729 1122 quam-

350 1136 410 1169 diu
434 1134 574 1173 sederit,
598 1137 661 1167 aut
685 1133 825 1177 quando
850 1132 987 1173 obierit,
1013 1144 1078 1178 pro
1102 1139 1281 1178 comperto
1313 1146 1385 1169 non
1415 1135 1548 1170 habeo:
1581 1136 1648 1169 hoc
1678 1140 1728 1169 ta-

349 1203 428 1225 men
451 1191 604 1237 elogium
626 1190 657 1224 ei
681 1190 851 1224 concessit
872 1189 897 1223 J
899 1201 932 1224 0.
959 1190 1202 1236 Capgravius:
1230 1196 1252 1212 “
1270 1191 1407 1226 Genere
1426 1197 1461 1227 et
1479 1193 1595 1237 specie
1613 1194 1728 1226 clarus

349 1249 392 1283 ab
409 1250 484 1293 ipso
501 1247 696 1292 pubertatis
713 1246 809 1287 flore,
828 1251 863 1281 et
887 1248 1046 1281 doctrina
1069 1247 1209 1293 fulgens
1234 1253 1270 1282 et
1291 1249 1496 1290 virtutibus,
1520 1250 1632 1283 vitam
1655 1260 1729 1283 ma-

347 1306 449 1351 gistri
467 1306 504 1339 in
522 1305 617 1339 omni
634 1305 820 1339 sanctitate
838 1309 873 1338 et
890 1304 1103 1338 abstinentia
1115 1305 1254 1351 jugiter
1272 1307 1371 1351 sequi
1389 1306 1609 1352 satagebat.”
1658 1306 1728 1340 Ar-

349 1363 440 1396 nold.
456 1362 573 1396 Uvion
587 1362 646 1395 lib.
662 1371 718 1395 111.
733 1361 839 1407 Lign.
852 1361 957 1396 Vitae
970 1372 1048 1407 pag.
1062 1370 1158 1396 CLII.
1174 1367 1195 1382 ‘⁶
1209 1362 1253 1396 In
1265 1363 1384 1398 Scotia
1394 1363 1430 1398 S.
1443 1363 1582 1408 Asaphi
1597 1365 1727 1408 episco-

348 1421 414 1463 pi.'’
473 1419 727 1463 Episcopatum
757 1419 879 1452 multis
912 1423 992 1462 post
1022 1419 1122 1452 illum
1150 1420 1276 1454 seculis
1302 1421 1462 1455 antistite
1489 1422 1653 1461 caruisse,
1685 1433 1727 1455 ex

351 1476 635 1511 Huntindonensi
671 1487 741 1509 non
781 1475 1060 1520 improbabiliter
1096 1477 1231 1522 colligit
1274 1477 1482 1512 Franciscus
1520 1477 1726 1516 Godwinus,

347 1534 439 1578 quod
472 1544 564 1567 anno
600 1541 696 1566 McL.
739 1533 955 1566 cathedrales
990 1536 1061 1566 tres
1095 1537 1236 1567 tantum
1275 1535 1313 1568 in
1351 1534 1485 1569 Wallia
1523 1546 1729 1569 enumeren-

349 1597 417 1631 tur,
448 1590 682 1630 Menevensis,
713 1589 965 1636 Bangorensis,
1000 1589 1253 1625 Landavensis.
1306 1591 1445 1636 Scripta
1476 1603 1559 1626 vero
1589 1592 1634 1626 ab
1663 1592 1728 1625 hoc

348 1653 476 1688 nostro,

490 1705 740 1739 Ordinationes
759 1703 936 1738 Ecclesiae
953 1716 1037 1739 suae
1324 1706 1383 1740 lib.
1404 1716 1428 1740 1.

492 1762 701 1807 Kentigerni
718 1762 879 1808 magistri
898 1761 985 1796 Vita
1325 1763 1385 1797 lib.
1406 1772 1430 1796 Ι.

398 1819 439 1852 In
465 1819 525 1852 SS.
552 1819 671 1853 album
692 1820 825 1853 relatus
846 1819 1014 1852 recolitur
1036 1821 1188 1854 calendis
1213 1821 1304 1855 Maii
1328 1832 1400 1855 una
1423 1831 1503 1854 cum
1526 1820 1726 1866 WValburga

350 1877 484 1922 virgine
518 1877 556 1910 in
585 1876 844 1922 Martyrologio
878 1876 1050 1911 Romano.
1102 1876 1212 1912 Putat
1241 1878 1420 1912 illustriss
1451 1877 1629 1912 Baronius
1658 1880 1727 1912 cla-

352 1934 460 1967 ruisse
481 1945 560 1967 eum
585 1934 677 1967 circa
701 1944 833 1967 annum
859 1942 982 1967 Dcxv.
1005 1934 1099 1977 quod
1121 1936 1182 1968 vix
1205 1935 1365 1976 admitto,
1391 1946 1474 1969 nam
1498 1946 1519 1969 a
1541 1934 1576 1969 S.
1601 1935 1726 1969 Kenti-

352 2001 457 2034 gerno
474 2002 583 2034 usque
601 1991 644 2024 ad
663 1991 751 2024 illud
769 1995 907 2034 tempus
925 1991 1009 2023 anni
1027 1996 1109 2025 sunt
1128 1993 1233 2036 paulo
1251 1993 1368 2026 minus
1387 1992 1540 2026 ducenti.

810 2103 845 2137 S.
873 2103 1147 2138 ADRIANUS.
1200 2107 1256 2139 22.

357 2216 390 2248 S.
420 2216 634 2251 ADR1ANUS
667 2222 813 2263 martyr,
849 2220 909 2252 sed
948 2229 1045 2263 puer,
1084 2223 1119 2252 et
1157 2217 1295 2253 Siciliae
1333 2220 1506 2265 princeps,
1546 2220 1581 2255 S.
1621 2221 1725 2256 Gere-

359 2273 454 2306 sinae
470 2274 609 2318 reginae
626 2275 727 2315 filius,
746 2275 781 2309 S.
801 2275 953 2310 Ursulae
970 2275 1208 2316 consobrinus,
1229 2276 1262 2309 S.
1281 2276 1412 2311 Dariae
1429 2289 1550 2322 nepos,
1568 2278 1603 2312 S.
1623 2278 1727 2313 Mau-

359 2330 389 2362 ri
407 2329 529 2369 affinis,
548 2330 655 2364 frater
672 2331 731 2365 SS.
755 2331 925 2373 Babiliae,
946 2332 1074 2371 Juliae,
1100 2331 1285 2374 Victoriae,
1310 2339 1345 2368 et
1368 2334 1520 2375 Aureae,
1545 2336 1727 2381 virginum

359 2390 392 2418 et
416 2393 621 2429 martyrum,
646 2398 751 2431 nepos
774 2389 896 2423 itidem
919 2388 954 2423 S.
978 2388 1137 2423 Macririi
1162 2391 1324 2435 episcopi,
1347 2403 1427 2426 cum
1452 2397 1564 2427 matre
1585 2393 1620 2426 in
1649 2392 1727 2426 Bri-
