2044 2992
1010 350 1037 390 ii

338 464 500 512 tempus
533 455 709 497 Tornaci
741 461 784 496 et
812 455 987 495 Tolosae
1018 454 1283 497 humaniores
1315 454 1475 496 litteras
1505 455 1712 506 docuerat,

337 536 431 562 cum
452 523 539 575 ejus
559 521 692 575 prima
713 525 823 560 aetas
843 519 909 559 his
934 519 1088 559 mirum
1115 520 1159 559 in
1188 520 1361 560 modum
1390 519 1542 569 dedita,
1572 520 1616 561 in
1646 522 1714 561 iis-

337 586 515 639 demque
535 599 558 624 a
577 584 603 623 J
606 590 699 624 usto
720 583 863 637 Lipsio
883 583 1102 623 institutus
1123 582 1279 624 fuisset.
1338 583 1493 624 Caussa
1518 598 1615 624 vero
1642 585 1713 625 de-

335 649 529 689 serendae
550 647 711 688 Galliae
737 647 829 695 fuit,
858 647 971 700 quod
997 646 1182 687 concitus
1212 647 1265 687 ad
1294 647 1426 687 rixam
1455 649 1713 701 gravissimas

334 712 569 752 inimicitias
588 725 682 751 cum
703 710 1007 765 potentioribus
1028 711 1276 764 quibusdam
1307 718 1552 766 susceperat,
1579 713 1711 766 quod-

331 791 412 830 que
431 790 455 816 a
474 775 653 829 Magnae
674 774 916 814 Britanniae
936 788 1031 827 rege
1050 775 1208 828 patriae
1227 774 1425 815 historiae
1451 776 1710 817 conscriben—

329 841 405 880 dae
429 840 673 880 mandatum
702 843 924 892 acceperat.
983 837 1110 878 Plura
1135 838 1213 879 hac
1239 839 1292 879 de
1319 853 1363 878 re
1389 838 1573 893 reliquit,
1601 841 1708 881 nihil

330 911 480 952 tamen,
500 904 613 957 quod
639 903 774 950 sciam,
801 903 846 942 in
874 901 1023 955 vulgus
1050 902 1192 942 edidit.
1251 902 1436 943 Venerat
1468 903 1510 943 in
1542 904 1709 945 Italiam

329 967 395 1008 vel
415 973 512 1008 ante
532 967 639 1006 illud
659 972 834 1020 tempus,
861 980 945 1019 quo
971 980 995 1005 a
1020 965 1168 1005 Cosmo
1194 966 1251 1006 ΙΙ.
1279 967 1414 1006 factus
1444 972 1506 1007 est
1534 966 1709 1008 Pisanus

325 1031 529 1086 magister,
550 1037 593 1071 et
613 1031 771 1070 Romae
801 1035 893 1069 tum
920 1029 1046 1069 fuisse
1074 1043 1125 1069 ex
1158 1044 1206 1070 eo
1236 1030 1385 1084 conjici
1415 1036 1564 1084 potest,
1593 1032 1708 1085 quod

324 1109 397 1149 per
418 1095 590 1135 Petrum
611 1094 848 1141 Stroetium,
869 1092 1102 1147 praesulem
1122 1093 1436 1148 amplissimum,
1461 1094 1635 1136 Paullus
1655 1095 1705 1136 V.

324 1172 508 1199 summus
527 1157 728 1212 pontifex,
757 1157 905 1211 ipsum,
933 1163 983 1197 ut
1011 1157 1194 1212 praemio
1224 1157 1365 1212 aliquo
1392 1158 1625 1200 afficeretur
1654 1160 1707 1200 ob

323 1225 525 1277 ejuratam
545 1221 760 1269 haeresim,
780 1221 832 1261 de
851 1220 1023 1261 meliore
1050 1226 1150 1260 nota
1176 1221 1333 1274 Magno
1361 1222 1470 1262 Duci
1497 1237 1706 1264 commen-

323 1286 446 1326 davit.
504 1286 662 1325 Paucos
681 1290 776 1339 post
794 1298 955 1325 menses
975 1298 1100 1337 quam
1122 1285 1166 1323 in
1187 1285 1402 1324 Etruriam
1429 1293 1610 1335 venerat,
1634 1301 1704 1341 pe-

320 1350 390 1390 tiit
422 1355 472 1389 ut
505 1349 582 1389 sibi
613 1354 795 1403 potestas
825 1348 994 1388 daretur
1025 1348 1229 1388 redeundi
1261 1348 1314 1388 ad
1345 1363 1451 1397 suos,
1487 1363 1534 1390 ac
1563 1364 1702 1391 secum

322 1414 434 1453 Pisas
454 1404 629 1453 uxorem
650 1418 692 1452 et
712 1411 912 1452 familiam
933 1411 1176 1460 devehendi,
1206 1413 1321 1466 quod
1341 1413 1377 1452 ei
1399 1413 1519 1454 facile
1540 1428 1703 1456 conces-

320 1491 413 1517 sum
432 1482 505 1524 est,
526 1477 705 1530 dataque
727 1475 904 1530 pecunia
923 1490 1007 1516 non
1034 1474 1169 1516 solum
1197 1476 1250 1516 ad
1278 1476 1358 1517 iter
1384 1477 1701 1527 conficiendum,

321 1541 393 1581 sed
413 1541 538 1580 etiam
558 1541 611 1580 ad
634 1540 829 1580 emendos
848 1539 985 1587 libros,
1006 1540 1158 1593 quibus
1178 1554 1221 1580 se
1241 1554 1360 1594 egere
1389 1541 1621 1582 affirmabat
1648 1543 1701 1583 ad

319 1604 626 1645 contexendum
656 1617 759 1657 opus
789 1603 841 1643 de
873 1604 1045 1644 Etruria
1072 1603 1230 1658 Regali,
1260 1605 1385 1658 quod,
1420 1606 1509 1659 ipso
1540 1605 1699 1660 Magno

318 1668 437 1708 Duce
457 1674 635 1715 auctore,
655 1673 900 1721 susceperat.
960 1667 1105 1708 Rediit
1125 1668 1168 1708 in
1189 1668 1404 1709 Etruriam
1424 1670 1478 1709 ad
1497 1671 1699 1710 constitu-

317 1738 408 1771 tum
429 1737 604 1785 tempus,
625 1737 667 1771 et
686 1736 777 1770 tum
798 1730 911 1771 illius
931 1731 1186 1785 stipendium
1207 1738 1377 1773 auctum
1397 1733 1482 1773 fuit
1510 1734 1563 1774 ad
1585 1749 1696 1775 cece.

315 1809 448 1849 usque
468 1801 686 1835 centusses.
745 1796 850 1835 Sane
879 1795 985 1835 nihil
1013 1810 1096 1835 non
1127 1810 1290 1849 sperare
1316 1802 1482 1850 poterat
1505 1811 1530 1837 a
1550 1797 1697 1851 Magni

316 1858 446 1899 Ducis
468 1858 728 1906 liberalitate,
748 1859 821 1898 sed
842 1859 894 1898 ob
915 1859 1236 1899 inconstantiam
1258 1860 1483 1914 quamdam
1510 1867 1696 1911 naturae,

314 1928 356 1962 et
377 1924 428 1962 ob
455 1922 613 1962 illatam
640 1937 664 1962 a
691 1922 904 1976 discipulis
931 1922 1018 1970 sibi,
1048 1924 1254 1977 uxorique
1281 1924 1433 1964 eximia
1461 1924 1697 1979 pulchritu-

314 1986 411 2026 dine
432 1986 626 2040 injuriam
655 1986 779 2036 (nam,
806 2000 901 2026 cum
927 1987 1141 2040 gymnasio
1168 1988 1340 2027 domum
1368 1988 1535 2036 rediret,
1558 2004 1694 2030 arcam

313 2056 473 2104 captam
504 2065 551 2090 ac
584 2050 803 2090 mulierem
835 2050 885 2090 ab
918 2063 960 2090 se
989 2051 1211 2091 abductam
1238 2052 1408 2105 reperit)
1439 2053 1693 2094 academiam

312 2114 502 2154 Pisanam
522 2114 707 2154 deseruit
727 2120 810 2153 tres
829 2119 923 2167 post
943 2128 1072 2154 annos
1092 2128 1218 2168 quam
1239 2115 1282 2154 in
1304 2130 1352 2155 ea
1373 2116 1603 2157 Pandectas
1623 2131 1692 2158 ex-

310 2177 542 2231 plicaverat,
563 2184 606 2218 et
625 2178 678 2218 ad
698 2177 1005 2218 Bononiensem
1026 2179 1219 2232 migravit
1238 2178 1503 2220 humaniores
1530 2180 1691 2222 litteras

311 2241 353 2281 in
375 2241 446 2281 illa
466 2243 708 2282 traditurus.
767 2242 1006 2295 Antequam
1029 2241 1133 2281 Pisis
1153 2241 1393 2291 discederet,
1421 2243 1571 2283 Cosmo
1599 2258 1692 2284 mu-

310 2319 389 2345 nus
409 2305 522 2346 misit
541 2306 634 2345 libri
656 2307 708 2346 de
737 2306 908 2346 Etruria
936 2304 1095 2358 Regali,
1123 2311 1166 2345 et
1192 2305 1345 2346 mirum
1372 2321 1470 2347 sane
1496 2308 1690 2348 omnibus

309 2369 438 2409 videri
459 2370 583 2410 debet
604 2370 739 2424 ipsum
759 2370 873 2410 brevi
895 2370 998 2409 adeo
1019 2375 1204 2423 tempore
1225 2376 1392 2410 tantum
1416 2385 1530 2425 opus,
1546 2385 1691 2425 quam-

308 2432 367 2472 vis
396 2433 439 2473 in
467 2433 539 2474 illo
566 2433 700 2474 multa
731 2434 815 2474 sint
845 2433 1096 2488 imperfecta,
1123 2433 1326 2475 conficere
1356 2435 1550 2489 potuisse.
1609 2435 1689 2476 Sed
