2032 2912
299 293 362 324 204-
682 289 914 325 HISTORIA
939 288 1247 323 ECCLESIASTI
1252 290 1312 323 CA

448 385 569 420 Vitam
589 385 625 418 S.
644 383 758 418 Beani
777 384 1009 417 antecessoris
1027 384 1083 417 sui
1244 384 1304 418 lib.
1326 393 1351 418 1.

350 444 499 478 Sedebat
520 453 613 476 anno
640 449 744 474 MXL.
772 440 854 480 Quo
877 440 934 474 die
957 442 1095 475 colatur
1120 452 1192 476 non
1218 442 1435 482 observavit,
1462 447 1500 477 at
1525 445 1696 479 memoria

301 503 376 547 ejus
407 501 463 534 die
495 508 582 533 xxl.
614 497 711 544 Aug.
744 499 898 532 colitur:
931 507 1002 532 vn.
1029 498 1126 545 Aug.
1155 504 1190 534 et
1220 508 1306 534 XVI.
1336 500 1495 545 ejusdem
1526 502 1696 546 reliquiae

299 559 500 592 translatae.

769 655 805 689 S.
832 654 1086 689 DONATUS.
1139 657 1222 693 371.

297 731 332 764 S.
353 730 553 764 DONATUS
572 730 752 770 diaconus,
777 730 869 763 alius
890 729 934 763 ab
960 729 1124 774 episcopo
1150 729 1338 771 Fesulano,
1357 725 1472 765 sociu's
1491 732 1695 777 peregrina-

295 788 402 822 tionis
427 799 467 821 ac
490 787 656 831 martyrii
684 787 719 820 S.
748 786 896 827 Kiliani,
921 797 994 820 una
1019 797 1100 820 cum
1127 786 1286 827 Gallone,
1313 788 1481 827 Arnuali,
1508 788 1693 829 Colonato‚

294 846 323 880 si
342 845 428 879 fides
445 845 607 879 habenda
625 844 672 879 sit
690 855 870 889 anonymo
887 843 1061 877 monacho
1078 847 1181 878 eruto
1205 855 1225 877 a
1249 844 1462 878 bibliotheca
1485 846 1692 879 monasterii

293 903 429 938 ordinis
446 902 737 936 Praedicatorum
756 900 970 940 Aichstadii‚
994 911 1101 945 quem
1127 906 1212 935 tom.
1233 909 1287 935 IV.
1313 900 1510 946 Antiquar.
1529 901 1692 937 Lection.

293 973 375 1008 pag.
389 968 566 994 DOXLIII.
581 959 780 1005 publicavit
794 958 973 993 Henricus
987 957 1170 999 Canisius;
1191 958 1253 993 sed
1265 963 1449 1003 suspectus
1460 959 1519 994 ille
1537 959 1626 993 mihi
1640 964 1694 994 est

292 1019 456 1063 scriptor,
475 1018 571 1062 quod
588 1017 811 1052 communior
828 1017 876 1050 sit
898 1015 1130 1050 scribentium
1153 1016 1285 1060 opinio,
1311 1017 1401 1051 duos
1427 1021 1569 1052 tantum
1594 1017 1693 1052 illius

290 1076 456 1120 martyrii
474 1075 620 1109 comites
639 1074 772 1115 fuisse3
792 1074 853 1108 sed
871 1074 990 1118 potuit
1008 1073 1084 1108 fieri
1101 1078 1143 1108 ut
1159 1075 1280 1118 plures
1297 1073 1444 1115 fuerint,
1458 1075 1532 1120 qui,
1551 1075 1596 1110 ab
1614 1075 1694 1109 aliis

290 1133 422 1173 omissi,
440 1133 486 1167 ab
503 1133 569 1167 hoc
587 1136 841 1166 memorentur.
894 1130 954 1165 Tu
971 1131 1064 1165 vide.
1116 1130 1266 1176 Scripsit

437 1190 493 1225 De
513 1189 805 1236 Peregrinatione
823 1189 962 1224 Kiliani
980 1189 1144 1235 magistri
1286 1189 1347 1224 lib.
1369 1199 1394 1224 1.

339 1249 479 1284 Claruit
499 1259 593 1283 anno
611 1256 847 1286 Dchxx1x.

803 1363 839 1398 S.
866 1362 1041 1398 DAVID.
1094 1365 1177 1400 372.

290 1480 324 1513 S.
346 1479 496 1519 DAVID‚
511 1478 697 1513 Scotorum
712 1490 787 1519 rex,
807 1479 920 1524 “jure
938 1479 1031 1512 inter
1048 1478 1151 1512 divos
1169 1480 1410 1518 numeratus,'’
1428 1480 1479 1514 ait
1495 1480 1544 1515 H.
1561 1481 1689 1516 Boeth.

289 1537 351 1571 lib.
371 1546 428 1571 XI.
458 1536 596 1571 Histor.
624 1547 706 1582 pag.
726 1545 875 1571 CCXLV.
903 1536 1086 1569 Malcolmi
1112 1535 1182 1570 III.
1211 1547 1255 1570 ex
1281 1536 1317 1570 S.
1345 1537 1555 1584 Margareta
1580 1539 1686 1580 filius,

288 1595 389 1629 varia
405 1594 552 1628 fortuna
570 1605 650 1627 cum
669 1592 800 1639 Anglis
819 1594 951 1627 bellum
969 1593 1080 1638 gessit
1097 1602 1162 1638 pro
1181 1593 1454 1636 Northumbria,
1478 1597 1580 1642 cujus
1606 1597 1689 1631 hae—

286 1652 407 1686 redem
421 1651 460 1685 in
473 1662 623 1685 uxorem
640 1651 793 1684 duxerat
806 1661 816 1690 ς
836 1651 897 1684 sed
911 1661 1032 1695 pacem
1050 1655 1174 1694 postea
1187 1651 1410 1696 aequissimis
1424 1654 1688 1688 conditionibus

287 1709 381 1749 fecit,
402 1713 437 1742 et
455 1708 676 1743 sanctissime
692 1707 824 1742 factam
841 1708 1045 1741 custodivit.
1084 1707 1289 1753 Pauperum
1307 1720 1442 1750 causas,
1462 1721 1506 1745 ne
1524 1723 1546 1744 a
1563 1715 1687 1755 poten-

286 1766 437 1801 tioribus
461 1765 634 1812 injuriose
659 1765 957 1810 opprimerentur,
980 1765 1058 1810 ipse
1075 1766 1319 1812 cognoscebat.
1372 1766 1595 1803 Monasteria
1612 1773 1689 1803 toto

286 1836 396 1870 regno
414 1834 521 1858 censu
539 1834 579 1857 ac
596 1823 771 1858 reditibus
788 1823 977 1867 ampliavit
994 1824 1205 1868 ditavitque,
1224 1832 1311 1858 X1v.
1338 1825 1382 1859 de
1399 1836 1493 1860 novo
1510 1825 1688 1866 fundavit,

286 1892 501 1925 censumque
526 1880 736 1926 assignavit,
764 1888 819 1914 IV.
847 1880 1070 1925 episcopatus
1097 1882 1268 1923 instituit,
1295 1894 1445 1929 regnum
1464 1884 1560 1928 pacis
1583 1885 1686 1918 bene-

286 1939 364 1973 ficio
382 1938 673 1973 florentissimum
692 1938 859 1972 reddidit.
912 1938 1083 1973 Meminit
1105 1940 1194 1985 ejus,
1222 1944 1265 1974 ut
1287 1945 1387 1984 puto,
1414 1940 1460 1974 D.
1480 1941 1686 1976 Bernardus

286 1998 323 2030 in
341 1996 428 2031 Vita
454 1996 496 2030 D.
522 1995 732 2030 Malachiae.
784 1995 839 2030 De
863 2008 914 2036 eo,
939 2000 1050 2040 patre,
1068 2001 1193 2036 matre,
1212 1996 1334 2038 fratre,
1356 1997 1686 2033 Malmesburiensis

284 2056 344 2089 lib.
364 2063 402 2088 V.
422 2059 443 2073 ‘⁶
461 2053 587 2098 Neque
604 2065 763 2098 unquam
782 2054 819 2088 in
838 2060 917 2088 acta
934 2054 1167 2088 historiarum
1184 2055 1338 2089 relatum
1361 2059 1425 2095 est,
1449 2060 1570 2090 tantae
1588 2068 1687 2091 sanc-

285 2113 399 2147 titatis
426 2116 498 2146 tres
526 2111 636 2145 fuisse
666 2112 801 2156 pariter
830 2123 942 2158 reges,
969 2115 1004 2145 et
1030 2111 1161 2146 fratres
1186 2116 1368 2146 maternae
1394 2113 1539 2157 pietatis
1566 2119 1687 2149 nectar

285 2169 516 2204 redolentes.”
567 2168 629 2203 An
648 2169 785 2214 aliquid
803 2169 996 2214 scripserit,
1014 2168 1142 2203 neseio.

334 2227 435 2261 Obiit
463 2226 615 2260 Carleoli
648 2238 742 2261 anno
769 2227 871 2273 regni
897 2235 1017 2261 XXIX.
1043 2227 1148 2261 salut.
1179 2235 1301 2262 MCIII.
1328 2228 1367 2261 in
1394 2227 1493 2262 Petri
1520 2229 1686 2263 cathedra

287 2285 429 2318 sedente
447 2283 612 2329 Eugenio
631 2283 701 2318 III.
728 2285 943 2329 imperatore
969 2284 1134 2319 Conrado
1161 2284 1231 2319 111.
1259 2284 1479 2320 Francorum
1504 2297 1586 2332 rege
1612 2287 1686 2321 Lu-

285 2342 409 2376 dovico
422 2342 576 2387 juniore.
630 2341 839 2376 Celebratur
856 2342 1028 2376 memoria
1046 2351 1104 2376 IX.
1124 2342 1257 2377 calend.
1278 2342 1301 2377 J
1303 2343 1392 2377 unii.
1432 2342 1682 2378 Scotichronic.

284 2399 319 2433 S.
340 2399 505 2433 Andreae
523 2399 583 2433 lib.
606 2408 695 2433 vm.
715 2411 790 2445 cap.
812 2409 836 2434 1.
