2032 2912
714 336 892 369 GENTIS
917 334 1195 373 SCOTORUM,
1223 334 1311 367 LIB.
1338 335 1383 367 ΙΙ.
1687 335 1751 366 117

495 430 686 465 Orationes
704 430 958 465 disertissimae
1288 429 1349 464 lib.
1370 439 1396 464 1.

493 487 679 533 Epistolae
1290 487 1351 522 lib.
1372 496 1398 521 1.

396 545 496 579 Obiit
521 544 709 590 Augustae
731 544 921 579 Pictonum
942 544 1085 579 decurio
1105 555 1199 579 anno
1218 552 1378 582 MDCXV.
1430 544 1522 580 Vide
1543 544 1648 586 infra,
1674 543 1739 579 Jo-

346 613 458 638 annes
475 599 665 642 Irlandus,
682 602 744 636 lib.
767 610 824 635 lx.

638 714 896 750 GEORGIUS
921 714 1309 751 BLACVODAEUS.
1363 719 1446 751 203.

345 831 557 866 GEORGms
575 831 829 870 Blacvodaeus‚
849 830 997 864 Henrici
1015 834 1051 864 et
1073 829 1207 864 Adami
1232 830 1357 871 affinis,
1381 830 1651 866 Dumfermilini
1675 844 1736 867 na-

344 895 413 930 tus,
433 901 504 923 non
521 889 591 923 levi
609 889 752 923 nomine
769 888 917 922 Parisiis
934 887 1197 933 philosophiam
1215 888 1408 933 professus,
1427 889 1538 923 edidit

493 946 752 991 Compendium
770 945 925 991 Logicae
1286 946 1348 980 lib.
1368 955 1394 980 1.

492 1003 751 1048 Compendium
770 1002 945 1047 Physicae
1284 1004 1346 1038 lib.
1367 1013 1392 1038 1.

394 1062 545 1101 Quando
563 1061 661 1102 obiit,
679 1072 751 1095 non
768 1060 883 1104 reperi
899 1072 910 1103 ;
938 1064 975 1094 at
993 1059 1227 1105 profitebatur
1245 1060 1411 1095 Lutetiae
1429 1072 1523 1097 anno
1543 1070 1725 1095 MDLXXI.

716 1174 931 1209 THOMAS
956 1174 1233 1210 BICARTON.
1289 1178 1373 1211 204.

347 1291 525 1325 THOMAS
543 1290 714 1325 Bicarton
732 1289 1054 1330 Sanctandreanus,
1081 1301 1170 1335 quas
1193 1291 1232 1324 in
1258 1290 1376 1325 Scotia
1401 1292 1497 1325 domi
1520 1292 1629 1326 bonas
1648 1297 1741 1326 artes

346 1348 480 1389 didicit,
498 1348 537 1382 in
554 1347 680 1382 Galliis
699 1347 819 1382 docuit
837 1347 933 1392 apud.
950 1346 1116 1382 Pictones
1135 1352 1171 1382 et
1187 1346 1386 1383 Xantones.
1439 1348 1567 1383 Edidit

495 1405 726 1439 Miscellanea
1292 1404 1353 1439 lib.
1374 1414 1399 1439 1.

495 1462 667 1497 Poemata
685 1461 817 1496 Latina
1290 1461 1351 1496 lib.
1371 1472 1398 1497 Ι.

495 1519 666 1553 Poemata
684 1518 821 1553 Gallica
1291 1520 1351 1555 lib.
1372 1529 1398 1554 1.

398 1576 565 1611 Florebat
581 1587 675 1611 anno
695 1585 873 1611 MDCXIV.

700 1690 1030 1727 ALEXANDER
1054 1691 1254 1728 BODIUS.
1307 1695 1389 1728 205.

350 1809 624 1842 ALEXANDER
649 1807 798 1848 Bodius,
826 1806 937 1841 nobili
963 1807 1039 1841 loco
1064 1810 1182 1847 natus,
1208 1807 1330 1842 literas
1356 1808 1510 1853 optimas
1533 1814 1568 1843 et
1591 1810 1748 1845 studiose

350 1865 459 1899 coluit
485 1869 521 1899 et
545 1864 736 1899 honorifice
761 1864 930 1898 exercuit.
982 1864 1102 1898 Multa
1127 1864 1270 1909 scripsit
1294 1870 1494 1900 memoratu
1525 1867 1745 1913 dignissima,

349 1924 410 1957 sed
427 1934 493 1969 ego
511 1927 652 1957 tantum
671 1922 767 1967 typis
781 1922 951 1956 mandata
963 1921 1049 1962 vidi,
1063 1922 1217 1968 eleganti
1230 1933 1315 1957 sane
1328 1924 1432 1969 stylo,
1447 1928 1482 1959 et
1496 1924 1746 1970 antiquitatem

351 1980 521 2024 sapiente,

499 2037 775 2083 Epigrammata
1297 2038 1358 2073 lib.
1378 2047 1421 2072 11.

500 2094 700 2128 Heroidum
736 2094 918 2139 Epistolas
955 2095 1016 2129 lib.
1049 2104 1074 2129 Ι.
1110 2095 1311 2131 imitatione
1341 2095 1529 2137 Ovidiana‚
1566 2097 1610 2131 ad
1645 2098 1747 2143 cujus

552 2152 764 2198 dignitatem
782 2163 892 2197 prope
911 2153 1068 2187 accessit.

403 2209 505 2245 Obiit
523 2220 617 2244 anno
636 2218 870 2243 MDLxxxn.
888 2210 927 2244 in
945 2209 1082 2246 Galliis.

724 2306 986 2342 HENRICUS
1014 2308 1240 2345 BRUSIUS.
1293 2309 1378 2345 206.

358 2381 575 2415 HEchUs
619 2380 773 2415 Brusius
815 2381 971 2416 Fifensis
1021 2382 1153 2418 illustri
1203 2385 1448 2420 aestimatione
1499 2387 1555 2421 sui
1607 2393 1643 2422 et
1693 2398 1753 2432 pa-

355 2439 445 2473 triae
483 2437 650 2480 Daniam,
691 2437 916 2481 Sarmatiam,
954 2451 995 2474 ac
1032 2440 1261 2477 Germaniam
1304 2443 1485 2484 lustravit,
1528 2444 1748 2490 principibus
