2032 2912
698 362 874 395 GENTIS
900 362 1177 401 SCOTORUM,
1204 361 1294 394 LIB.
1319 362 1383 394 111.
1678 363 1740 393 145

341 458 482 497 dicitur,
513 457 769 490 monasterium
795 461 1053 498 construxerat,
1081 458 1119 491 in
1143 457 1286 492 Italiam
1313 457 1457 491 veniens
1484 468 1506 491 a
1531 456 1739 503 Longobar-

341 516 468 549 dorum
496 525 580 560 rege
607 514 805 548 Adoloaldo
837 518 1022 559 gratanter
1047 520 1214 558 exceptus
1241 519 1306 555 est,
1337 514 1617 559 coenobiumque
1642 515 1737 559 quod

341 572 496 606 Bobium
515 572 725 616 appellatur,
744 571 781 604 in
806 570 960 614 Alpibus
986 571 1116 605 Cottiis
1141 572 1351 611 aedificavit,
1378 573 1472 617 quod
1500 573 1739 618 quadraginta

339 630 496 664 millibus
514 630 559 663 ab
576 628 663 662 urbe
675 628 850 661 dividitur
865 627 1047 662 Ticinensi
1061 639 1070 669 3
1090 640 1161 673 quo
1179 630 1254 663 loco
1269 634 1304 663 et
1318 631 1451 663 multae
1465 630 1703 674 possessiones
1718 641 1738 663 a

338 688 490 733 singulis
513 685 735 731 principibus
758 686 834 719 sive
858 685 1105 731 Longobardis
1129 687 1280 732 largitae
1306 691 1401 727 sunt,
1428 692 1463 721 et
1487 699 1619 734 magna
1643 687 1738 721 facta

338 748 392 778 est
409 745 459 779 ibi
477 743 732 778 monachorum
750 744 1011 789 congregatio.”
1062 743 1138 777 Nec
1155 744 1321 777 dissentit
1339 744 1642 791 Martyrologium
1665 745 1738 779 Ro-

338 812 485 835 manum
503 810 592 835 XXI.
612 800 848 834 Novembris:
876 805 897 820 ‘⁶
915 800 960 834 In
982 801 1199 835 monasterio
1217 801 1387 836 Bobiensi
1412 803 1585 846 depositio
1612 804 1648 837 S.
1671 803 1737 838 Co-

337 860 498 894 lumbani
528 859 677 898 abbatis,
708 859 769 903 qui
795 859 990 892 multorum
1017 859 1268 894 coenobiorum
1294 859 1474 901 fundator,
1500 861 1737 904 plurimorum

338 918 593 952 monachorum
621 917 742 951 extitit
771 922 883 961 pater,
912 918 1106 962 multisque
1130 918 1325 952 virtutibus
1352 919 1467 952 clarus
1494 918 1533 951 in
1559 923 1738 953 senectute

338 976 432 1011 bona
450 975 620 1020 quievit.”
671 975 809 1009 Eadem
828 974 921 1015 Ado,
949 975 1149 1015 Usuardus,
1176 976 1247 1009 alii.
1300 975 1457 1009 Bobium
1483 980 1589 1010 antea
1614 976 1736 1010 Liber-

337 1046 421 1069 nam
439 1034 586 1073 dictum,
613 1033 695 1067 vide
715 1032 862 1067 Hieron.
882 1032 1042 1066 Suritam
1060 1033 1105 1067 ad
1123 1032 1354 1066 Itinerarium
1383 1033 1489 1067 Scoti.
1547 1033 1629 1079 Ipse
1654 1045 1737 1068 vero

337 1093 380 1126 de
398 1095 578 1126 senectute
595 1101 661 1124 sua
677 1090 715 1124 in
733 1089 852 1135 Epist.
872 1091 916 1124 ad
935 1090 1134 1131 Fedolium,
1159 1102 1204 1124 ex
1220 1102 1292 1135 qua
1315 1091 1428 1136 liquet
1446 1100 1512 1125 XC.
1542 1102 1654 1126 annos
1678 1103 1737 1126 ex-

337 1150 482 1184 cessisse
497 1159 506 1189 ;
536 1149 586 1183 sic
604 1149 697 1183 enim
717 1149 755 1182 in
773 1148 841 1182 fine
856 1158 864 1182 z

637 1221 720 1249 Haec
734 1221 788 1249 tibi
802 1220 941 1250 dictaram
955 1221 1061 1250 morbis
1074 1232 1226 1260 oppressus
1239 1222 1357 1256 acerbis,

641 1268 764 1306 Corpore
779 1278 849 1306 quos
863 1268 958 1307 fragili
973 1269 1076 1307 patior,
1090 1269 1226 1307 tristique
1240 1274 1356 1298 senecta
1367 1280 1377 1303 ,·

638 1315 717 1343 Nam
732 1315 802 1344 dum
816 1315 967 1354 praecipiti
981 1315 1120 1345 labuntur
1133 1321 1263 1355 tempora
1277 1326 1373 1350 cursu,

637 1363 670 1390 N
671 1372 728 1391 unc
742 1362 778 1391 ad
794 1362 977 1401 Olympiadis
991 1368 1036 1392 ter
1049 1373 1131 1392 senos
1145 1364 1278 1393 venimus
1292 1373 1389 1392 annos.

384 1438 530 1473 Scotum
549 1437 698 1478 faciunt,
713 1441 854 1482 praeter
871 1438 1045 1479 laudatos,
1061 1437 1085 1471 J
1086 1449 1165 1472 oan.
1185 1438 1354 1472 Leslaeus
1372 1438 1433 1472 lib.
1451 1447 1506 1472 IV.
1528 1437 1624 1473 Hist.
1641 1438 1735 1473 Scot.

333 1508 415 1543 pag.
432 1504 606 1530 CXLVIII.
622 1495 774 1529 Arnold.
790 1494 912 1529 Uvion
930 1495 991 1529 lib.
1008 1505 1051 1529 11.
1066 1496 1148 1543 Lig.
1163 1496 1240 1530 Vit.
1260 1506 1335 1540 cap.
1352 1505 1437 1530 xiv.
1458 1501 1480 1516 “
1496 1496 1531 1530 S.
1547 1496 1738 1530 Columba-

331 1566 400 1589 nus
419 1554 559 1594 Scotus,
577 1553 772 1588 monachus
784 1553 991 1587 monasterii
1006 1554 1294 1600 congregationis
1307 1553 1623 1594 Benochorensis,’'
1635 1559 1671 1589 et
1682 1554 1737 1587 in-

332 1612 399 1647 fra.
425 1611 563 1646 Anton.
591 1611 777 1645 Possevin.
805 1618 891 1645 tom.
912 1620 937 1645 1.
964 1610 1101 1656 Appar.
1122 1611 1217 1645 Sacr.
1241 1623 1324 1658 pag.
1344 1620 1574 1646 CCCXXXIX.
1603 1612 1737 1646 Henri-

333 1682 394 1705 cus
429 1670 607 1709 Canisius,
642 1668 819 1702 Melchior
861 1668 1065 1703 Goldastus.
1110 1668 1293 1703 Gilbertus
1329 1668 1579 1703 Genebrardus
1623 1669 1736 1703 Chro-

332 1728 423 1768 nico,
458 1727 521 1762 ubi
556 1727 677 1760 tamen
707 1727 799 1760 male
830 1737 912 1760 eum
943 1727 1090 1760 collocat
1119 1727 1157 1759 in
1192 1738 1325 1760 annum
1361 1735 1542 1760 DCXXIII.
1578 1732 1619 1761 ut
1650 1738 1735 1760 mox

332 1785 529 1820 videbitur:
553 1789 574 1803 “
589 1783 624 1817 S.
641 1783 883 1818 Columbanus
899 1783 1024 1817 Scotus
1038 1782 1222 1829 Angliam‚
1237 1783 1401 1823 Galliam,
1417 1783 1571 1824 Italiam,
1588 1784 1735 1818 Germa-

332 1844 442 1883 niam,
461 1843 564 1888 cujus
582 1843 715 1875 multos
733 1842 883 1886 populos
902 1842 945 1875 ad
966 1841 1070 1875 fidem
1089 1853 1183 1875 anno
1206 1850 1365 1875 Dcxxx.
1390 1843 1577 1882 convertit,
1602 1843 1733 1887 partim

333 1912 397 1946 per
417 1911 502 1940 sese,
521 1900 654 1945 partim
672 1910 736 1944 per
755 1899 957 1943 discipulos,
971 1899 1196 1933 monasteriis
1215 1899 1388 1943 replevit3
1416 1910 1499 1933 nam
1518 1901 1656 1934 nullum
1676 1901 1734 1934 ad-

331 1959 402 1993 huc
419 1958 578 1992 seculum
595 1962 735 1991 tantam
749 1956 940 1991 celebrium
954 1957 1209 1990 monachorum
1228 1961 1382 2002 segetem
1396 1958 1579 2001 protulit.'’
1614 1957 1734 1992 West-

331 2020 484 2050 monast.
512 2027 605 2049 anno
631 2023 802 2048 DCLXVI.
831 2018 853 2033 “
871 2014 906 2048 S.
927 2014 1170 2048 Columbanus
1195 2015 1237 2048 de
1262 2014 1382 2048 Scotia
1406 2016 1551 2049 veniens
1570 2016 1608 2049 in
1636 2016 1733 2051 Brit-

331 2075 492 2109 tanniam
519 2074 635 2107 clarus
661 2072 846 2106 habetur.’‘
899 2071 948 2106 H.
974 2072 1148 2106 Boethius
1174 2083 1246 2106 non
1272 2077 1415 2106 tantum
1442 2073 1547 2107 domo
1573 2073 1730 2115 Scotum,

332 2133 394 2166 sed
406 2132 514 2166 etiam
526 2131 666 2165 “veteri
678 2141 803 2176 regum
818 2130 1004 2164 Scotorum
1019 2130 1224 2164 stemmate'’
1239 2135 1358 2164 ortum
1373 2131 1496 2165 scribit
1509 2131 1570 2165 lib.
1585 2141 1641 2166 lx.
1649 2143 1731 2179 pag.

333 2199 493 2224 CLXXII.
518 2188 685 2223 Vincent.
711 2188 889 2222 Bellovac.
912 2188 972 2222 lib.
1004 2196 1129 2222 XXIII.
1161 2187 1302 2232 Speculi
1332 2199 1406 2232 cap.
1440 2197 1494 2222 Iv.
1527 2189 1562 2223 S.
1594 2189 1731 2224 Anton.

330 2247 528 2282 Florentin.
549 2251 643 2291 part.
663 2255 706 2280 II.
725 2246 782 2280 tit.
802 2255 894 2279 XIII.
914 2257 990 2289 cap.
1012 2254 1064 2279 VI.
1092 2257 1191 2279 num.
1211 2255 1269 2279 XI.
1297 2245 1475 2280 Trithem.
1502 2248 1546 2281 de
1568 2247 1667 2282 Viris
1691 2249 1733 2283 il-

329 2305 503 2339 lustribus
523 2304 649 2338 Ordin.
670 2303 706 2337 S.
725 2303 910 2337 Benedicti
928 2305 988 2338 lib.
1005 2312 1048 2337 11.
1064 2315 1139 2348 cap.
1153 2312 1190 2337 V.
1208 2304 1270 2338 lib.
1286 2312 1347 2338 111.
1364 2315 1439 2349 cap.
1455 2314 1574 2338 XXVI.
1600 2305 1730 2341 Petrus

329 2364 367 2397 in
391 2362 564 2408 Catalogo
588 2362 648 2395 lib.
669 2370 709 2395 X.
734 2372 809 2405 cap.
830 2370 924 2395 XCV.
953 2365 988 2395 et
1014 2361 1075 2395 alii
1101 2362 1164 2406 qui
1191 2362 1280 2395 mihi
1306 2373 1379 2397 non
1403 2367 1488 2397 sunt
1514 2363 1558 2396 ad
1584 2375 1730 2398 manum

329 2421 531 2456 videantur.
600 2419 719 2453 Multa
761 2419 946 2453 Rolandus
991 2418 1214 2453 Huerlebeut
1255 2419 1383 2455 Vasco.
1428 2425 1553 2455 contra
1595 2421 1729 2456 Irland.

328 2478 541 2512 Franciscus
568 2476 789 2511 Sansovinus
816 2476 951 2512 Illustr.
979 2477 1060 2511 Ital.
1087 2477 1216 2512 Famil.
1245 2489 1326 2525 pag.
1347 2487 1430 2513 CXI.
1457 2483 1478 2499 ‘⁶
1495 2478 1570 2514 Sub
1595 2491 1729 2515 annum

1004 2543 1033 2569 U
