2032 2912
352 312 416 343 260
731 308 963 342 HISTORIA
987 307 1360 341 ECCLESIASTICA

355 410 437 447 lero,
455 407 565 441 frater
583 405 618 440 S.
637 404 660 438 J
663 404 798 444 oannis,
816 404 879 448 qui
897 403 1128 439 Constantiae
1146 404 1342 449 episcopus,
1366 408 1408 438 ut
1429 402 1526 438 infra
1542 403 1609 438 hoc
1626 416 1742 449 opere.

354 477 397 499 ex
414 465 438 498 J
440 476 507 499 ona
524 464 660 503 abbate,
679 462 839 503 videbis;
866 462 1023 496 maxima
1041 473 1126 497 vero
1149 461 1388 497 continentiae
1406 461 1527 506 opinio
1545 473 1664 497 secum
1681 463 1745 496 mi-

353 523 472 557 racula
489 521 612 560 traxit,
630 524 672 554 ut
689 524 769 554 acta
785 519 951 554 ecclesiae
968 519 1253 555 Constantiensis
1271 524 1461 554 testantur.

401 579 543 614 Floruit
560 589 655 613 anno
674 586 830 612 DCLXX.
881 577 968 612 Dies
986 578 1155 612 incertus.

781 693 817 728 S.
846 692 1169 729 EVERARDUS.
1221 697 1305 733 479.

347 810 383 844 S.
402 810 659 847 EVERARDUS
676 811 867 854 confessor,
890 814 924 845 et
943 810 1051 844 abbas
1069 810 1311 845 Cistertiensis
1329 810 1467 852 Scotus,
1494 810 1530 845 S.
1558 810 1743 845 WValtheni

348 869 596 910 confessarius,
614 870 705 904 etin
722 869 934 904 canonicatu
951 868 1121 903 Kirkhan
1144 868 1272 908 socius,
1298 869 1508 914 primusque
1534 869 1641 903 abbas
1669 881 1743 903 mo-

348 928 496 962 nasterii
514 928 610 962 illius
629 927 775 962 celebris
792 928 831 961 in
849 926 1021 961 Cumbria
1043 937 1065 960 a
1087 925 1217 960 Sancto
1235 925 1387 967 Davide,
1405 925 1544 961 Scotiae
1562 938 1657 973 rege,
1681 932 1744 961 aut

347 986 424 1031 ejus
449 985 561 1020 fratre
586 985 730 1020 Simone
754 984 882 1019 comite
906 983 1060 1024 fundati,
1086 984 1182 1028 quod
1208 984 1251 1018 de
1277 984 1386 1018 Ulmo
1411 984 1480 1018 dici
1507 985 1606 1025 solet,
1633 986 1742 1031 vulgo

347 1043 670 1078 Holmecultrame:
688 1053 773 1077 nam
791 1053 872 1076 cum
890 1042 929 1076 in
942 1042 1184 1076 Mailrosiensi
1202 1043 1357 1076 claustro
1375 1053 1448 1076 una
1465 1053 1545 1076 cum
1564 1043 1742 1077 sanctissi-

345 1112 403 1135 mo
420 1112 503 1135 sene
520 1100 715 1135 WValtheno
731 1099 896 1135 habitum
915 1100 1102 1140 induisset,
1127 1111 1167 1134 eo
1192 1100 1236 1134 ad
1254 1111 1376 1134 curam
1395 1101 1554 1147 ejusdem
1572 1101 1639 1135 loci
1658 1101 1741 1135 sub-

343 1159 501 1199 sistente,
519 1158 577 1193 hic
594 1159 633 1192 in
649 1168 784 1192 novum
803 1158 1061 1192 monasterium
1085 1158 1128 1192 de
1155 1157 1263 1192 Ulmo
1289 1158 1432 1200 missus,
1457 1159 1618 1205 regimen
1642 1170 1742 1193 exor—

344 1228 416 1256 sus,
434 1227 514 1250 cum
534 1216 714 1251 Henricus
731 1215 826 1250 filius
845 1215 881 1250 S.
898 1215 1050 1250 Davidis
1065 1216 1273 1251 coenobium
1291 1227 1312 1250 a
1326 1221 1428 1261 patre
1445 1221 1602 1251 erectum
1620 1216 1741 1251 fundis

343 1275 510 1315 dotasset‚
541 1278 583 1309 ut
613 1275 774 1320 loquitur
803 1273 1094 1309 Scotichronicon
1124 1274 1185 1309 lib.
1215 1283 1267 1309 VI.
1296 1285 1371 1320 cap.
1400 1283 1540 1309 XXXII.
1592 1274 1741 1320 Scripsit

343 1337 522 1376 superstes
538 1332 745 1373 Waltheno,
763 1343 808 1366 ex
826 1331 949 1366 Indice
967 1331 1098 1373 Maiae,

491 1390 615 1425 Vitam
633 1389 755 1424 Sancti
772 1389 978 1424 Adamnani
1283 1390 1345 1425 lib.
1365 1399 1391 1424 1.

491 1447 614 1483 Vitam
633 1447 753 1482 Sancti
772 1447 943 1482 Cumenei
960 1446 1047 1481 Albi
1285 1448 1346 1482 lib.
1367 1456 1392 1481 1.

489 1505 613 1541 Vitam
632 1505 752 1540 Sancti
770 1505 955 1540 Waltheni
1280 1505 1341 1539 lib.
1362 1514 1388 1539 1.
1407 1509 1442 1539 et
1460 1506 1539 1540 alia.

391 1563 531 1598 Claruit
548 1575 641 1598 anno
661 1572 819 1598 MCXLV.

598 1661 900 1696 GULIELMUS
927 1661 1339 1697 ELPHINSTONUS.
1392 1664 1475 1697 480.

346 1737 596 1771 GULIELMUS
614 1736 890 1782 Elphinstonus,
907 1737 1119 1771 nobilissimi
1138 1737 1280 1772 baronis
1299 1737 1422 1778 frater,
1446 1742 1635 1783 postquam
1649 1740 1741 1773 serio

342 1796 467 1840 pietati
497 1800 532 1829 et
561 1796 731 1829 honestae
768 1795 975 1830 literaturae
1005 1795 1044 1829 in
1076 1795 1194 1840 patria
1225 1795 1455 1836 incubuisset,
1488 1796 1652 1837 Romam,
1681 1809 1740 1832 an-

342 1854 422 1900 gelo
448 1854 540 1887 bono
566 1854 727 1893 ducente,
754 1853 961 1894 contendit3
993 1853 1055 1888 ubi
1083 1864 1164 1887 cum
1190 1853 1346 1898 optimae
1373 1853 1503 1888 indolis
1529 1860 1741 1900 argumenta

344 1912 573 1952 exhibuisset,
616 1912 755 1946 ardenti
789 1913 867 1946 zelo
900 1911 939 1945 in
975 1911 1188 1946 Societatem
1222 1910 1311 1945 Jesu
1344 1911 1488 1946 admitti
1523 1913 1738 1956 peroptavit,

343 1974 379 2003 et
415 1970 625 2014 superiores,
657 1970 743 2014 quia
772 1980 854 2004 eum
886 1981 908 2004 a
941 1969 1019 2003 Deo
1054 1969 1137 2003 duci
1172 1968 1426 2014 percipiebant,
1462 1969 1624 2003 lubentes
1658 1981 1738 2004 eum

343 2029 387 2062 ad
427 2028 642 2062 novitiatum
678 2027 867 2072 Neapolim
902 2028 1139 2067 destinarunt,
1175 2038 1238 2061 nec
1271 2028 1353 2072 plus
1387 2039 1495 2072 quam
1534 2032 1606 2062 tres
1641 2039 1738 2062 men-

344 2097 397 2120 ses
417 2086 453 2119 in
472 2090 593 2120 sancto
617 2085 744 2120 habitu
770 2085 921 2126 vixerat,
948 2096 1029 2120 cum
1055 2085 1153 2119 febre
1179 2085 1318 2120 ardenti
1343 2090 1540 2130 correptus,
1564 2087 1739 2120 mundum

345 2143 511 2178 deseruit.
579 2143 687 2178 Pium
717 2145 794 2190 ejus
825 2143 974 2184 obitum,
1007 2143 1251 2178 Christianam
1281 2143 1413 2178 diutini
1437 2144 1553 2178 morbi
1587 2145 1738 2178 toleran-

346 2201 444 2240 tiam,
480 2202 653 2246 colloquia
687 2213 768 2236 cum
803 2202 930 2248 angelo
970 2201 1127 2242 custode,
1162 2206 1198 2236 et
1233 2201 1397 2236 futurum
1430 2202 1570 2236 animae
1603 2206 1737 2236 statum

346 2258 390 2292 ab
421 2269 460 2291 eo
489 2259 681 2304 cognitum,
717 2264 753 2294 et
784 2260 985 2294 astantibus
1015 2260 1178 2304 patribus
1206 2260 1415 2300 revelatum,
1448 2259 1584 2294 frustra
1613 2260 1681 2294 sim
1708 2261 1737 2294 si

347 2316 541 2349 describere
571 2321 716 2358 tentem,
747 2318 890 2363 quando
924 2318 962 2352 id
998 2316 1243 2363 Hieronymus
1284 2318 1417 2358 platus,
1452 2318 1610 2364 ejusdem
1645 2318 1737 2352 ordi-

351 2373 406 2407 nis
425 2374 622 2419 religiosus,
648 2376 880 2410 disertissime
906 2376 967 2410 lib.
997 2386 1022 2410 1.
1049 2377 1092 2410 de
1118 2376 1224 2411 Statu
1251 2387 1326 2421 cap.
1347 2384 1468 2410 XXXI.
1492 2375 1528 2410 id
1552 2380 1737 2409 exsecutus

346 2431 475 2465 fueritz
515 2432 678 2467 meminit
707 2433 830 2468 itidem
859 2434 1064 2480 symmistes
1099 2433 1284 2469 Antonius
1319 2433 1557 2468 Dauroultius
1587 2444 1662 2478 cap.
1698 2442 1737 2466 11.
