2032 2912
699 328 874 362 GENTIS
899 329 1173 371 SCOTORUM,
1199 332 1286 365 LIB.
1312 333 1388 366 V11.
1668 336 1729 367 325

396 422 496 456 Obiit
514 421 735 468 Rothomagi
752 433 845 457 anno
865 432 1040 459 MDCXVI.
1067 428 1193 461 aetatis
1211 438 1295 461 suae
1315 439 1371 462 an.
1392 437 1583 463 CXXXVII.
1610 430 1730 463 vivace

347 480 463 514 adhuc
478 479 661 518 memoria,
679 490 720 512 ac
737 481 919 515 stomacho
936 481 1056 522 habili,
1074 494 1138 517 nec
1156 484 1237 518 visu
1254 485 1433 526 inefficaci,
1460 488 1558 521 nulla
1577 488 1731 531 corporis

349 542 460 581 parte,
478 537 549 571 nisi
567 536 728 582 pedibus,
745 536 784 570 in
801 541 903 572 tanto
920 539 1018 573 senio
1035 540 1250 575 debilitatus.

745 650 769 684 J
772 650 916 686 OANN
920 651 980 686 Es
1006 652 1205 689 GRAIUS.
1258 654 1341 693 607.

350 768 536 802 MARTYR
547 765 570 799 J
572 776 705 800 oannes
717 764 860 806 Graius,
872 766 1128 802 Franciscanae
1140 768 1295 803 familiae
1313 770 1439 811 socius,
1452 773 1733 816 praevalentibus

349 825 446 859 domi
463 823 726 858 haereticorum
743 823 893 865 viribus,
911 829 1050 858 armata
1074 825 1226 860 factione
1253 828 1372 862 omnia
1396 830 1605 873 possidente,
1631 831 1734 864 cessit

349 882 475 922 furori,
502 886 538 916 et
563 881 601 914 in
628 880 796 927 Belgium
821 881 1012 926 profectus,
1039 893 1119 917 cum
1141 884 1217 930 jam
1244 887 1534 931 septuagenarius
1561 892 1662 927 esset,
1690 888 1734 921 ab

349 939 535 973 haereticis
562 937 709 972 nefariis
733 937 878 973 Geuziis
905 939 950 973 ad
976 939 1093 984 ipsum
1119 942 1229 975 altare
1255 942 1383 987 majus,
1409 948 1491 977 ante
1517 954 1650 977 sacram
1676 955 1735 978 eu-

349 996 567 1036 charistiam,
586 996 762 1040 martyrio
779 1001 833 1030 est
850 995 1008 1031 affectus.
1060 997 1186 1032 Franc.
1206 998 1376 1045 Gonzaga
1393 1011 1427 1045 p.
1448 1010 1473 1034 1.
1491 1011 1571 1046 pag.
1592 1010 1670 1035 CIV.
1694 1002 1736 1035 de

350 1054 500 1101 Origine
518 1053 720 1100 Religionis
738 1052 958 1098 Seraphicae.
1011 1053 1172 1099 Scripsit,
1193 1061 1276 1090 ante
1294 1068 1475 1103 egressum
1492 1069 1511 1092 e
1528 1058 1654 1102 patria,

499 1111 718 1157 Theologica
734 1111 908 1156 quaedam
1214 1114 1274 1148 lib.
1295 1123 1319 1147 1.
1339 1115 1399 1149 sed
1416 1126 1488 1151 non
1505 1116 1590 1150 vidi.

496 1168 680 1215 Epistolas
697 1173 779 1214 post
796 1180 978 1203 excessum
995 1181 1014 1204 e
1031 1170 1148 1215 patria
1213 1171 1273 1205 lib.
1293 1181 1318 1205 1.

400 1227 566 1262 Excessit
591 1231 731 1272 martyr
758 1226 949 1268 Bruxellis,
977 1227 1015 1261 111
1040 1228 1117 1272 ipso
1143 1229 1310 1264 coenobio
1335 1240 1411 1269 suo,
1437 1241 1530 1264 anno
1554 1239 1735 1265 MDLXIX.

350 1285 521 1321 Meminit
539 1284 719 1319 Henricus
737 1283 903 1318 Sedulius
919 1285 959 1319 in
976 1284 1106 1320 Coroll.
1132 1285 1269 1320 Histor.
1294 1286 1440 1331 Seraph.
1465 1299 1546 1334 pag.
1565 1296 1737 1322 nexem.

350 1343 457 1378 Vitae
485 1343 563 1389 ejus
593 1342 830 1387 martyriique
857 1347 936 1377 acta
961 1348 997 1377 et
1025 1343 1170 1377 modum
1200 1343 1314 1378 fusius
1342 1356 1386 1379 ex
1414 1344 1547 1379 Latina
1578 1344 1740 1379 Historia

353 1402 560 1447 Martyrum
578 1399 899 1434 Franciscanorum
918 1399 1040 1435 Italice
1064 1401 1248 1435 transtulit
1273 1401 1403 1436 Daniel
1427 1401 1634 1441 Perusinus,
1661 1406 1696 1436 et
1721 1414 1742 1436 a

351 1459 527 1505 theologis
545 1458 642 1492 illius
660 1458 774 1492 sancti
792 1458 927 1492 ordinis
945 1458 1104 1503 probata,
1132 1457 1313 1492 Cardinali
1338 1458 1361 1492 J
1364 1459 1543 1493 ustiniano
1560 1459 1739 1503 inscripta.

352 1516 465 1551 Errat
491 1520 623 1556 tamen,
650 1516 713 1560 qui
739 1516 842 1549 illum
866 1527 885 1549 e
912 1514 1098 1550 Scotorum
1124 1515 1261 1550 familia
1287 1516 1478 1550 oriundum
1503 1517 1654 1560 putavit,
1681 1517 1742 1561 qui

352 1574 546 1609 Graiorum
564 1578 652 1614 erat,
677 1584 753 1618 cap.
773 1582 858 1607 XLI.
884 1572 1064 1607 infinitum
1087 1574 1210 1618 populi
1228 1572 1471 1607 Bruxellensis
1493 1574 1665 1619 gemitum
1691 1585 1742 1608 se-

352 1633 478 1678 quenti
495 1632 622 1667 deinde
640 1632 755 1676 capite
774 1640 878 1664 XLII.
905 1631 1122 1675 exsequitur,
1151 1631 1292 1671 addens,
1321 1636 1342 1651 “
1364 1631 1505 1665 infirmo
1530 1631 1679 1670 cuidam,
1706 1636 1741 1664 et

352 1690 456 1737 gravi
474 1689 599 1724 morbo
615 1689 804 1729 laboranti,
822 1693 959 1723 attactu
977 1688 1053 1734 ejus
1070 1689 1254 1734 sanguinis
1281 1689 1469 1723 sanitatem
1494 1689 1694 1722 restitutam
1709 1689 1739 1721 ;”

351 1760 428 1793 cap.
456 1757 579 1782 XLIII.
613 1747 794 1781 fusissime
825 1746 980 1782 Scotiam
1011 1745 1202 1791 Scotosque
1232 1751 1355 1781 auctor
1384 1746 1442 1779 ille
1472 1745 1619 1785 extollit,
1649 1745 1739 1779 hanc

353 1811 526 1851 tanquam
554 1809 740 1850 parentem
770 1804 999 1849 altricemque
1025 1803 1208 1838 doctorum
1239 1808 1275 1838 et
1306 1808 1520 1843 sanctorum,
1552 1803 1637 1836 istos
1667 1803 1739 1847 pie-

352 1869 426 1898 tate
443 1868 480 1898 et
498 1863 612 1897 literis
636 1862 754 1907 patria
776 1873 841 1896 sua
863 1861 1102 1908 dignissimOS,
1128 1861 1264 1906 totique
1288 1861 1364 1896 orbi
1389 1861 1590 1900 celebratos,
1616 1865 1651 1895 et
1669 1871 1738 1894 me-

352 1921 434 1956 ritis
452 1921 528 1956 suis
545 1924 661 1955 notos.

758 2035 794 2069 S.
823 2033 1209 2069 GODELBERTUS.
1263 2032 1345 2068 608.

353 2152 390 2187 S.
433 2151 743 2187 GODELBERTUS
784 2151 987 2196 Presbyter,
1040 2149 1161 2184 rhetor
1202 2148 1466 2188 disertissimus,
1509 2146 1738 2191 philosophus

355 2210 562 2244 Platonicae
594 2213 708 2244 sectae
739 2208 1003 2247 subtilissimus,
1033 2207 1217 2253 theologus
1243 2205 1489 2245 memorabilis,
1515 2215 1578 2238 nec
1603 2203 1739 2250 Anglo-

355 2267 450 2301 Saxo
476 2278 541 2302 nec
566 2267 776 2307 Britannus,
804 2265 865 2300 sed
891 2264 1027 2304 Scotus,
1053 2270 1094 2298 ut
1126 2264 1257 2297 discere
1288 2263 1471 2306 potuisset,
1503 2272 1574 2295 non
1606 2261 1650 2294 ab
1680 2272 1741 2294 an-

353 2325 496 2359 nalibus
522 2325 629 2359 modo
654 2324 799 2365 nostris,
827 2323 887 2357 sed
913 2334 934 2356 a
959 2321 1129 2367 magistro
1155 2332 1219 2355 suo
1245 2320 1386 2358 Balaeo,
1412 2319 1603 2365 singularis
1629 2320 1742 2362 impu-

356 2382 498 2417 dentiae
509 2381 666 2417 Joannes
679 2381 854 2416 Pitsaeus.
894 2379 1160 2422 Praeceptorem
1173 2377 1298 2412 habuit
1312 2376 1347 2410 S.
1363 2375 1557 2416 Sedunum,
1577 2376 1621 2410 ad
1638 2376 1739 2422 cujus

355 2440 593 2475 imitationem
636 2439 818 2474 heroicum
861 2448 965 2471 suum
1005 2446 1140 2480 poema,
1182 2446 1203 2469 a
1237 2434 1369 2469 mundo
1403 2439 1518 2469 creato
1552 2444 1662 2478 usque
1696 2433 1738 2466 ad
