2032 2912
336 315 399 345 282
723 311 956 344 HISTORIA
981 310 1359 344 ECCLESIASTICA

338 410 446 445 fuerit
466 409 679 444 translatum
699 418 828 451 corpus
846 412 1021 447 sanctum,
1048 407 1196 452 pulchre
1214 407 1413 451 explicatur
1430 406 1467 440 in
1490 406 1531 440 B.
1551 405 1740 440 Gummari

337 467 570 502 translatione
588 465 643 499 his
663 466 797 499 verbis:
826 470 834 485 ‘
847 465 882 498 N
885 465 1023 499 ormani
1041 476 1105 509 per
1122 464 1286 505 fluvium,
1305 465 1368 510 qui
1386 465 1519 499 dicitur
1537 464 1680 509 Scinpa,
1696 465 1740 498 ad

337 526 458 559 villam
478 523 511 557 T
514 524 684 557 urvinum
703 524 935 563 devenerunt,
959 523 1022 557 ubi
1046 528 1123 558 erat
1151 523 1410 557 monasterium
1436 523 1472 557 S.
1492 522 1741 569 Fredegandis

339 582 569 625 confessoris3
591 582 651 615 sed
670 581 780 622 Deus,
799 586 946 626 propter
964 581 1204 616 habitantium
1219 581 1448 626 iniquitatem
1463 592 1591 616 exosus
1610 582 1741 620 locum,

337 640 506 684 reliquias
528 640 640 685 jussit
658 640 771 684 ipsius
798 641 868 674 alte
892 640 1142 684 transportari,
1169 644 1210 673 ut
1234 640 1375 673 nullum
1399 644 1492 673 esset
1515 639 1740 673 obstaculum

336 703 461 733 contra
479 698 756 739 desolationem3
776 699 906 743 quibus
925 698 1086 738 sublatis,
1106 699 1206 732 velut
1225 709 1329 731 muro
1348 702 1383 732 et
1402 697 1564 731 turribus
1582 697 1741 731 civitatis

335 757 539 796 destructis,
566 757 675 790 irruit
692 768 780 803 gens
800 757 956 796 inimica,
985 761 1021 790 et
1047 756 1211 790 incendio
1237 756 1394 800 perdidit
1421 756 1543 790 omnia
1568 754 1739 795 aedificia,

336 815 527 859 ipsumque
546 815 803 849 monasterium
823 814 1056 858 consumpsit,
1079 814 1242 848 homines
1266 814 1399 858 partim
1421 814 1631 854 trucidavit,
1659 825 1741 858 par-

335 873 401 906 tim
415 873 574 917 captivos
588 873 785 906 abduxit.'”
814 872 955 906 Colitur
966 873 1043 918 ejus
1055 872 1228 905 memoria
1239 872 1296 905 die
1309 880 1413 905 XVII.
1426 870 1450 904 J
1452 871 1527 905 ulii.
1554 871 1578 904 J
1580 883 1612 905 0.
1626 871 1741 905 Mola-

335 942 403 965 nus
414 931 453 965 in
464 930 652 965 Addition.
666 931 709 964 ad
722 930 942 965 Usuardum.
980 929 1131 963 Arnold.
1148 929 1269 964 Uvion
1283 929 1344 963 lib.
1362 938 1422 963 111.
1438 929 1521 975 Lig.
1536 927 1643 963 Vitae
1657 939 1738 974 pag.

336 998 522 1023 ccxxvn.
571 988 803 1035 Argentonae
821 989 1023 1033 depositum
1043 988 1122 1022 vult
1140 988 1272 1021 certius
1291 987 1460 1022 Moraeus
1478 987 1516 1021 in
1535 986 1740 1032 epitaphio:

598 1087 719 1115 Dormio
733 1096 821 1125 prope
836 1086 934 1120 Sabin,
950 1086 1000 1115 sed
1014 1096 1060 1115 me
1075 1086 1112 1114 ad
1126 1085 1252 1114 Scaldim
1268 1085 1412 1123 vigilasse,

598 1135 786 1173 Antverpum
802 1135 889 1168 dicet,
904 1135 965 1163 voci
980 1134 1055 1174 quod
1070 1134 1204 1173 praebuit
1219 1144 1326 1163 aurem.

382 1227 476 1274 Ejus
494 1232 578 1262 sunt
734 1227 914 1262 Homiliae
933 1227 976 1261 de
994 1227 1134 1262 Sanctis
1385 1226 1446 1260 lib.
1463 1235 1488 1260 1.

382 1286 486 1321 Vixit
504 1298 599 1320 anno
619 1296 681 1320 Dc.
703 1291 766 1320 aut
784 1286 936 1326 circiter,
958 1285 1036 1320 MS.
1061 1286 1269 1333 collegiatae
1293 1285 1459 1319 ecclesiae
1483 1284 1738 1318 monasterien-

333 1346 392 1385 sis,
411 1349 474 1378 aut
492 1356 585 1379 anno
606 1353 697 1378 DCL.
718 1344 839 1378 Uvion
859 1343 991 1378 ibidem
1009 1344 1087 1378 loci.

772 1461 808 1495 S,
838 1461 867 1494 F
872 1460 1163 1495 RIDERICUS.
1216 1459 1300 1495 516.

333 1577 368 1611 S.
406 1577 674 1617 FRIDERICUS,
712 1577 898 1621 episcopus
930 1577 1101 1623 Trajecti,
1138 1576 1413 1611 Germaniarum
1451 1577 1645 1621 apostolus,
1681 1576 1737 1609 vir

332 1636 436 1679 plane
460 1634 617 1674 divinus,
642 1640 677 1668 et
699 1639 847 1679 martyr.
898 1634 1046 1669 Scotum
1064 1646 1196 1676 assero,
1220 1635 1433 1669 auctoritate
1453 1634 1622 1669 Gulielmi
1642 1634 1736 1668 Mai-

331 1693 584 1727 mesburiensis
599 1692 657 1726 lib.
674 1701 697 1725 1.
714 1692 813 1726 Gest.
831 1692 967 1727 Pontif.
987 1704 1069 1739 pag.
1089 1702 1190 1728 CXII.
1211 1698 1232 1713 “
1250 1693 1349 1727 Eum
1368 1693 1569 1727 sanctitatis
1588 1691 1737 1727 Bonifa-

330 1751 375 1785 cii
393 1756 516 1785 nectar
533 1751 742 1795 spirantem,
761 1755 886 1795 utpote
905 1757 1071 1796 nepotem
1091 1757 1126 1787 et
1150 1752 1378 1797 discipulum,
1403 1751 1610 1786 Ludovicus
1635 1751 1735 1790 Pius,

331 1809 373 1843 F.
389 1808 508 1843 Caroli
524 1807 664 1855 Magni,
678 1809 891 1854 promovit.”
927 1809 963 1844 S.
980 1809 1208 1845 Bonifacium
1223 1821 1352 1845 novem
1366 1809 1567 1844 rationibus
1585 1808 1735 1854 probavi

329 1866 476 1902 Scotum
495 1878 581 1907 esse,
600 1867 707 1912 idque
725 1867 831 1902 bullis
850 1867 1071 1912 pontificum,
1089 1874 1130 1903 ut
1149 1869 1262 1913 ipsius
1276 1868 1319 1902 de
1333 1880 1370 1903 se
1385 1867 1505 1908 verba,
1520 1872 1556 1902 et
1570 1867 1606 1902 S.
1622 1866 1734 1902 Mari-

329 1926 388 1960 ani
408 1925 516 1965 Scoti‚
535 1926 722 1966 omittam3
746 1926 867 1971 itaque
886 1931 1027 1971 oportet
1043 1927 1150 1967 hunc,
1173 1927 1259 1972 quia
1280 1931 1457 1971 nepotem,
1482 1926 1642 1972 ejusdem
1660 1937 1736 1961 esse

329 1974 489 2029 patriae:
527 1989 562 2018 et
597 1984 682 2029 quia
717 1983 906 2018 Caesarem
940 1985 1133 2029 impulerat
1162 1990 1205 2020 ut
1234 1984 1258 2018 J
1260 1985 1423 2019 uditham
1451 1996 1601 2019 uxorem
1627 1985 1736 2019 nimis

328 2043 446 2077 vicino
464 2043 579 2089 gradu
598 2043 758 2076 illicitam
777 2042 985 2083 dimitteret,
1004 2047 1040 2077 et
1058 2043 1096 2077 in
1114 2043 1373 2078 monasterium
1387 2043 1604 2082 detruderet,
1619 2042 1734 2078 faceta

330 2102 372 2135 de
390 2102 506 2146 capite
524 2101 631 2145 piscis
650 2101 751 2145 prius
770 2101 905 2135 edendo
923 2101 1204 2148 interrogatione
1222 2102 1258 2135 id
1277 2101 1455 2141 evincens,
1482 2101 1544 2135 illa
1570 2101 1735 2135 muliebri

330 2159 449 2193 dolore
467 2159 612 2199 exarsit,
640 2164 674 2193 et
701 2160 779 2193 viro
797 2159 866 2193 Dei
892 2171 956 2204 per
981 2160 1127 2194 sicarios
1153 2164 1306 2194 mortem
1333 2159 1498 2204 paravit;
1526 2171 1634 2205 quam
1653 2171 1735 2193 cum

330 2217 550 2260 praescisset,
569 2229 669 2252 sacro
687 2217 874 2258 celebrato,
902 2218 998 2252 intro
1022 2229 1081 2254 eos
1107 2219 1261 2258 vocavit,
1287 2218 1454 2263 martyrii
1472 2218 1623 2263 cupidus
1642 2219 1733 2252 reni-

329 2279 444 2308 tentes
464 2276 633 2315 accendit,
652 2287 841 2320 percussus
860 2276 903 2310 de
927 2275 1015 2323 fuga
1040 2277 1266 2311 sollicitanda
1290 2276 1443 2316 monuit,
1467 2276 1667 2321 elapsisque
1691 2276 1735 2310 iis

329 2332 461 2366 clerum
481 2333 680 2373 advocavit,
699 2334 761 2378 qui
780 2334 899 2378 ipsum
918 2334 1035 2368 adhuc
1053 2335 1190 2375 vivum,
1218 2335 1279 2369 sed
1297 2335 1404 2369 morti
1424 2334 1679 2379 propinquum,
1698 2334 1735 2367 in

326 2394 494 2434 paratum
526 2392 705 2425 tumulum
739 2392 898 2433 inferret,
932 2392 994 2437 qui
1026 2392 1158 2427 crebris
1189 2393 1372 2427 miraculis
1404 2392 1532 2427 merita
1561 2392 1732 2436 loquitur.

327 2447 477 2493 Scripsit
