2032 2912
696 361 871 394 GENTIS
896 359 1171 398 SCOTORUM,
1197 358 1286 391 LIB.
1311 357 1337 390 1.
1673 357 1714 390 49

324 456 478 491 hominis
504 455 699 490 Christiani
726 466 849 489 versus
875 455 918 488 de
943 453 1126 488 salvatore
1152 452 1301 487 humani
1324 451 1463 498 generis
1494 454 1530 485 et
1554 449 1710 494 Deipara

324 513 475 560 Virgine
509 524 531 547 a
564 512 753 556 bibliopola
786 512 905 555 aliquo
938 510 1080 544 indocto
1118 510 1213 543 inter
1252 508 1526 554 Epigrammata
1566 506 1706 541 Claudi-

325 570 385 604 ani
403 570 609 604 collocatos:
635 568 730 612 quod
747 566 944 601 Prudentio
966 570 1001 599 et
1026 566 1105 599 aliis
1129 566 1305 610 plerisque
1329 565 1490 611 contigit.
1541 563 1710 598 Adducor

323 631 443 661 autem
473 625 666 669 impensius
695 628 737 658 ut
765 624 803 657 id
833 623 1044 661 existimem,
1074 621 1170 665 quod
1200 622 1457 666 epigrammata
1481 621 1567 655 haec
1591 620 1663 654 duo
1688 630 1710 653 a

324 682 402 717 MS.
420 693 498 716 meo
515 681 670 725 optimae
686 684 791 714 notae
808 679 1005 714 Claudiano
1022 677 1140 712 absint
1154 687 1164 718 3
1191 681 1233 711 ut
1251 677 1415 711 omittam
1432 688 1504 711 non
1527 688 1602 711 esse
1620 676 1709 710 veri-

322 739 437 773 simile
454 748 634 784 paganum
650 737 830 772 hominem
848 741 990 770 nostrae
1006 734 1134 769 salutis
1150 733 1322 780 mysteria
1339 738 1413 769 tam
1431 734 1591 778 apposite
1608 737 1709 778 potu-

322 796 391 830 isse
408 795 624 842 cognovisse.
675 794 811 829 Versus
828 797 946 829 autem
965 796 1071 827 sunt:

624 865 739 895 Christe
752 871 863 905 potens,
877 875 972 895 rerum
986 863 1135 894 redeuntis
1148 864 1277 893 eonditor
1291 863 1364 898 aevi,

624 913 690 942 Vox
703 913 807 942 summi
820 921 978 951 sensusque
992 911 1060 944 Dei,
1073 920 1160 949 quem
1174 911 1253 940 fudit
1266 911 1301 940 ab
1315 911 1374 940 alta

625 959 728 989 Mente
741 966 833 999 pater.
1028 951 1120 986 Vide
1136 952 1285 997 reliqua.

372 1025 526 1061 Vivebat
543 1025 602 1060 hic
619 1036 712 1060 anno
731 1034 866 1060 DceLI.
885 1029 949 1059 aut
964 1029 1107 1069 praeter
1125 1030 1282 1070 propter.

371 1082 522 1128 Scripsit
540 1087 660 1117 autem
678 1083 736 1117 hic

473 1139 656 1184 Epistolas
675 1140 770 1184 stylo
787 1139 914 1174 florido
1261 1140 1323 1174 lib.
1343 1149 1369 1174 1.

473 1197 643 1231 Carmina
661 1208 761 1231 sacra
1264 1197 1326 1231 lib.
1346 1206 1371 1231 Ι.

374 1253 491 1288 Lubet
509 1258 629 1287 autem
648 1253 705 1287 hic
722 1264 802 1286 cum
820 1252 969 1286 Nicolao
986 1252 1138 1294 Serario,
1158 1255 1237 1288 viro
1251 1255 1310 1298 pio
1324 1259 1360 1288 et
1373 1254 1523 1294 erudito,
1537 1253 1714 1288 societatis

323 1310 347 1343 J
349 1321 412 1345 esu
428 1310 646 1355 presbytero,
665 1310 901 1354 expostulare,
921 1309 983 1353 qui
1002 1309 1146 1344 Scotum
1165 1311 1422 1354 interpretatur
1440 1309 1653 1350 Hibernum,
1681 1316 1716 1344 et

324 1379 365 1401 eo
381 1367 460 1407 loci,
479 1371 514 1401 et
531 1367 570 1401 in
586 1366 682 1401 notis
700 1366 745 1401 ad
764 1366 799 1400 S.
820 1365 967 1411 Kyliani
984 1365 1108 1401 Vitam
1127 1378 1171 1401 ex
1188 1367 1288 1402 Beda
1310 1368 1371 1402 lib.
1397 1376 1458 1401 111.
1482 1367 1592 1414 Angl.
1619 1368 1716 1402 Hist.

324 1435 400 1469 cap.
420 1432 481 1459 111.
499 1435 583 1458 nam
600 1424 667 1458 etsi
686 1434 810 1458 verum
828 1424 876 1459 sit
894 1423 1030 1458 Bedam
1048 1424 1239 1469 aliquando
1257 1425 1315 1458 vel
1331 1425 1408 1470 ejus
1427 1425 1504 1459 aevi
1527 1425 1715 1469 scriptores

323 1492 389 1526 pro
404 1480 573 1516 Hibernis
587 1479 710 1515 Scotos
722 1481 917 1521 nominare,
932 1481 1028 1525 quod
1042 1482 1240 1516 communis
1252 1482 1398 1526 utrique
1410 1482 1509 1528 genti
1527 1482 1717 1526 appellatio

327 1543 431 1579 esset,
446 1543 567 1573 tamen
580 1542 617 1572 et
630 1538 725 1583 apud
739 1538 889 1572 eundem
904 1537 1051 1579 Bedam‚
1067 1543 1102 1572 et
1116 1539 1273 1573 melioris
1287 1544 1391 1573 notae
1408 1544 1579 1579 auctores,
1597 1540 1719 1584 populi

326 1596 379 1631 illi
396 1596 680 1642 distinguuntur,
698 1606 813 1640 neque
829 1596 945 1629 ullum
962 1599 1016 1629 est
1033 1595 1214 1640 probabile
1232 1601 1496 1642 argumentum,
1510 1608 1575 1631 cur
1592 1596 1717 1631 Scotus

326 1654 384 1699 ille
411 1653 555 1699 ignotus
585 1653 710 1687 debeat
741 1652 925 1687 Hibernus
955 1654 1099 1687 censeri.
1154 1652 1207 1688 Ut
1235 1654 1359 1688 sileam
1385 1654 1588 1688 societatem
1621 1654 1718 1689 illam

325 1711 430 1755 plura
446 1710 560 1744 Scotis
577 1721 684 1754 quam
704 1710 874 1744 Hibernis
892 1709 1029 1750 debere,
1047 1722 1119 1744 non
1136 1722 1222 1757 ergo
1239 1715 1382 1757 gentem
1407 1711 1522 1745 solum
1546 1715 1717 1748 nostram,

327 1773 362 1802 et
380 1767 606 1812 antiquitatis
623 1767 793 1801 nostratis
811 1766 1029 1806 memoriam,
1047 1768 1108 1801 sed
1126 1772 1161 1801 et
1179 1767 1384 1812 symmistas
1402 1778 1485 1801 suos
1502 1778 1574 1801 non
1592 1767 1718 1801 leviter

328 1824 452 1859 doctus
471 1824 531 1858 ille
548 1828 651 1868 pater
667 1824 789 1858 violat.
841 1822 934 1857 Vide
951 1822 1189 1867 Apparatum.

619 1936 947 1972 ALEXANDER
970 1937 1324 1973 ANDERSONUS.
1378 1941 1436 1973 80.

328 2053 603 2088 ALEXANDER
620 2051 866 2093 Andersonus,
884 2053 920 2087 S.
940 2051 1158 2099 Theologiae
1175 2052 1321 2093 Doctor,
1344 2063 1438 2087 unus
1462 2064 1506 2088 ex
1527 2054 1570 2088 iis
1591 2054 1654 2100 qui
1678 2065 1721 2089 ex

331 2112 423 2145 clero
449 2109 696 2144 Aberdonensi
722 2110 836 2150 electi,
862 2108 1128 2156 Edimburgum
1154 2109 1302 2154 profecti
1328 2109 1409 2144 fidei
1436 2121 1521 2145 suae
1546 2112 1720 2145 rationem

331 2168 572 2207 reddiderunt,
586 2178 692 2211 quem
706 2167 865 2202 comitati
879 2171 964 2202 sunt
980 2166 1005 2200 J
1007 2178 1138 2201 oannes
1155 2166 1338 2208 Leslaeus,
1351 2171 1428 2201 tum
1443 2167 1610 2208 officialis,
1624 2174 1719 2213 post-

332 2236 373 2259 ea
398 2228 542 2258 senator
566 2224 679 2270 regni,
705 2228 741 2258 et
764 2224 949 2269 episcopus
973 2224 1171 2264 Rossensis,
1190 2223 1368 2258 Patricius
1391 2224 1596 2269 Myrtonus,
1620 2225 1722 2260 Jaco-

332 2282 397 2315 bus
423 2280 652 2315 Strachanus.
706 2280 776 2315 Hic
802 2286 838 2316 et
862 2281 1038 2326 intrepide
1063 2286 1098 2315 et
1121 2281 1466 2316 disertehaereticos·
1482 2282 1719 2328 impugnavit,

334 2344 368 2373 et
387 2342 510 2383 postea
526 2338 564 2372 in
582 2338 716 2383 scripta
732 2338 870 2384 redegit

478 2394 689 2429 Tractatum
707 2395 751 2429 de
768 2394 938 2431 Sacrificii
955 2395 1093 2431 Altaris
1111 2396 1272 2432 Veritate
1290 2401 1326 2432 et
1343 2396 1490 2431 Ritibus
1516 2396 1576 2431 lib.
1597 2407 1622 2431 1.

378 2452 563 2487 Scribebat
580 2463 673 2487 anno
694 2461 826 2487 MDLX.
879 2452 937 2488 Jo.
956 2452 1124 2489 Leslaeus
1142 2454 1202 2489 lib.
1222 2463 1262 2489 x.
1280 2465 1362 2501 pag.
1381 2462 1558 2497 DLxxlv.

1014 2519 1043 2544 Η
