2032 2912
748 341 923 373 GENTIS
948 341 1225 379 SCOTORUM,
1250 341 1339 374 LIB.
1362 342 1427 373 111.
1714 343 1777 375 177

386 436 583 470 nasterium
619 435 896 481 Tunglandiam,
933 447 955 469 a
988 440 1088 480 patre
1123 448 1187 470 suo
1221 448 1292 470 non
1327 438 1377 470 ita
1407 436 1543 480 pridem
1574 436 1774 476 fundatum,

386 494 532 534 abdidit,
563 494 747 539 religiosae
777 493 907 537 quietis
938 494 1098 537 cupidus,
1130 494 1192 527 ubi
1223 493 1493 528 Cisterciensem
1528 494 1691 529 habiturn
1723 505 1776 528 as·

386 552 550 596 sumpsit,
569 557 604 586 et
623 551 887 585 sanctissimum
905 551 942 584 in
961 562 1001 584 eo
1019 550 1123 584 finem
1148 557 1201 585 est
1225 557 1445 585 consecutus.
1497 552 1636 586 Delirat
1661 552 1777 586 erudi-

385 610 492 643 tionis
511 610 625 643 omnis
645 608 868 652 antiquariae
886 608 1078 641 rudissima
1096 609 1211 642 bellua
1236 608 1392 643 Joannes
1418 611 1581 644 Pitsaeus
1605 621 1686 643 cum
1710 620 1775 642 suo

385 666 553 707 Lelando,
582 677 687 711 quem
717 676 900 709 nunquam
931 665 1033 704 vidit,
1065 671 1127 700 aut
1158 667 1276 700 verius
1307 678 1387 700 cum
1414 668 1545 702 Balaeo
1572 667 1777 711 improbita-

385 725 431 757 tis
467 725 582 758 omnis
617 723 821 762 architecto,
852 723 954 768 cujus
989 722 1170 758 foeditatis
1200 728 1342 758 tantum
1373 730 1533 759 ramenta
1563 725 1708 770 colligit,
1743 728 1777 757 et

384 781 480 815 hunc
510 786 674 815 nostrum
706 780 868 826 Anglum
900 780 997 820 facit,
1032 786 1068 815 et
1098 782 1136 815 in
1169 781 1336 815 Buriensi
1371 783 1536 816 coenobio
1570 782 1776 816 defunctum

385 840 474 879 vult,
512 851 593 873 cum
627 839 777 872 historia
818 838 989 872 comitum
1029 838 1269 873 Galweiorum
1307 845 1427 883 aperte
1465 852 1506 874 ea
1545 852 1634 885 quae
1675 839 1776 883 posui

384 896 578 937 confirmet,
610 901 753 930 auctore
788 895 906 929 Alano
937 895 1150 936 Turonensi‚
1183 898 1284 943 cujus
1314 896 1516 943 fragmenta
1545 898 1685 931 erudita
1718 899 1777 932 ha-

386 955 450 988 beo
468 966 512 988 ex
530 966 614 988 cura
632 954 803 988 Richardi
823 953 950 987 Bruni.
1004 953 1073 987 Sed
1090 959 1167 988 tota
1184 955 1320 999 ineptia
1338 961 1391 989 est
1410 955 1560 989 Bostoni
1579 956 1776 997 Buriensis,

388 1023 495 1046 suum
523 1012 754 1057 professionis
780 1012 897 1045 locum
925 1011 1113 1046 nobilitare
1139 1013 1325 1056 cupientis.
1379 1012 1528 1057 Scripsit
1554 1025 1638 1048 vero
1664 1013 1779 1048 Cadu-

387 1081 495 1104 canus

535 1128 725 1172 Speculum
744 1126 1032 1161 Christianorum
1328 1128 1388 1161 lib.
1409 1137 1434 1161 1.

534 1185 778 1219 Homiliarum
1328 1185 1389 1219 lib.
1411 1195 1435 1219 1.

434 1243 588 1278 Vivebat
606 1254 699 1277 anno
720 1250 907 1276 MCCXXV.
960 1242 1101 1276 Colitur
1119 1251 1190 1276 XX.
1209 1242 1233 1276 J
1235 1254 1357 1277 anuar.

889 1356 1104 1391 CLEMEN
1106 1356 1142 1390 S.
1195 1359 1279 1394 307.

392 1474 535 1508 PAULO
555 1477 637 1506 ante
662 1472 791 1506 horum
818 1477 978 1516 tempora
1004 1471 1167 1505 Clemens
1195 1471 1285 1504 alius
1311 1471 1446 1517 insigni
1469 1472 1612 1506 nomine
1636 1466 1780 1518 gentem

390 1542 491 1566 suam
519 1530 763 1570 dedecorabat,
796 1530 859 1574 qui
892 1540 933 1563 ea
964 1539 1126 1575 egressus
1159 1529 1333 1562 bonarum
1365 1529 1498 1563 artium
1524 1541 1609 1576 ergo
1634 1530 1672 1563 in
1698 1529 1782 1564 Gal—

384 1590 450 1623 lias
485 1588 637 1634 trajecit‚
673 1588 825 1632 indeque
860 1588 899 1621 in
933 1587 1152 1631 superiorem
1188 1586 1417 1621 Germaniam
1447 1599 1667 1634 progressus,
1703 1600 1782 1634 gra-

386 1658 467 1682 vem
499 1657 580 1680 cum
611 1644 799 1679 Bonifacio
829 1645 906 1679 cive
937 1656 1012 1684 suo,
1048 1644 1261 1690 Moguntiae
1296 1645 1568 1690 archiepiscopo,
1604 1651 1782 1680 concerta-

387 1705 520 1739 tionem
556 1703 723 1747 suscepit.
776 1702 984 1748 Cognomen
1021 1702 1088 1736 hoc
1122 1703 1152 1736 ei
1192 1702 1303 1736 fuisse
1343 1707 1500 1746 apparet,
1541 1714 1624 1736 nam
1658 1714 1782 1737 revera

386 1762 557 1796 Claudius
594 1761 702 1794 etiam
746 1760 778 1794 ei
821 1771 962 1800 nomen,
1006 1771 1111 1804 quem
1153 1760 1336 1793 haereseos
1371 1760 1516 1794 damnat
1551 1760 1780 1794 Sebastianus

386 1817 544 1853 Medices
579 1819 617 1851 in
646 1817 795 1852 Summa
824 1819 984 1852 omnium
1012 1818 1225 1851 Haeresium
1250 1818 1288 1850 in
1314 1817 1421 1851 verbo
1447 1815 1653 1864 baptismus,
1679 1823 1714 1852 et
1743 1819 1779 1851 in

387 1877 494 1912 verbo
521 1874 646 1910 oratio.
710 1876 863 1910 Balaeus
892 1877 971 1910 vult
1002 1876 1104 1909 illum
1135 1876 1172 1908 in
1200 1875 1372 1921 Catalogo
1405 1875 1675 1910 Haereticorum
1701 1887 1780 1910 cen-

385 1935 455 1970 seri
481 1946 503 1968 a
526 1934 712 1968 Bernardo
736 1933 1011 1980 Lutzenburgo3
1039 1934 1101 1967 sed
1127 1933 1225 1967 abest
1251 1944 1272 1966 a
1297 1933 1414 1966 codice
1440 1945 1528 1973 meo,
1555 1935 1617 1978 qui
1645 1934 1777 1978 prodiit

387 1992 536 2026 Parisiis
571 1992 666 2036 apud
699 1991 875 2025 Joannem
911 1991 1070 2025 Parvum
1104 1991 1171 2025 sub
1205 1991 1307 2037 signo
1342 1990 1428 2024 Lilii
1462 2002 1555 2025 anno
1592 2000 1775 2025 MDxxlv.

385 2055 426 2084 ut
460 2050 619 2093 suspicer
652 2054 775 2093 postea
809 2049 983 2083 insertum
1014 2061 1035 2083 a
1064 2050 1238 2082 malevolo
1272 2048 1440 2093 quopiam
1474 2049 1609 2095 gloriae
1641 2053 1778 2083 nostra-

386 2109 478 2142 tium
502 2107 636 2141 invido.
691 2106 788 2141 Eum
807 2106 846 2140 in
870 2111 1052 2141 senectute
1075 2107 1265 2150 resipuisse
1289 2107 1367 2139 vult
1392 2105 1671 2151 Christophorus
1690 2107 1779 2140 Bro-

386 2177 502 2200 werus
529 2166 567 2198 in
593 2165 851 2199 monasterium
876 2164 1068 2204 intrusum,
1095 2165 1139 2198 ad
1166 2164 1337 2198 Poemata
1359 2163 1499 2197 Rabani
1526 2175 1607 2210 pag.
1632 2173 1777 2198 CXVIII.

387 2223 442 2257 De
461 2234 501 2257 eo
520 2223 752 2268 intelligenda
770 2227 856 2256 sunt
873 2234 914 2256 ea
931 2233 975 2256 ex
993 2222 1071 2256 MS.
1090 2222 1206 2256 codice
1227 2222 1265 2255 in
1284 2222 1405 2256 Indice
1422 2220 1607 2256 Abbatum
1626 2222 1781 2255 Fulden-

386 2290 488 2314 sum:
518 2285 539 2299 ‘⁶
558 2280 749 2314 Rabanum
768 2284 803 2313 et
828 2279 1024 2314 Hattonem
1049 2279 1240 2314 Thuronos
1265 2279 1396 2314 direxit
1419 2280 1464 2313 ad
1488 2278 1688 2313 Albuinum
1709 2290 1783 2313 ma-

387 2338 553 2384 gistrum,
590 2337 708 2383 gratia
741 2337 903 2371 liberales
935 2337 1091 2371 discendi
1125 2343 1231 2378 artes,
1266 2338 1474 2372 Brunonem
1504 2342 1540 2371 et
1570 2336 1781 2377 Einardum,

388 2396 569 2430 variarum
595 2395 728 2430 artium
760 2395 940 2429 doctorem
970 2396 1240 2439 peritissimum,
1271 2395 1475 2430 Modestum
1507 2399 1543 2429 et
1569 2394 1782 2434 Candidum,

387 2464 468 2487 cum
494 2453 585 2494 aliis,
609 2453 655 2487 ad
672 2452 891 2488 Clementem
915 2452 1071 2494 Scotum,
1092 2453 1346 2499 grammaticae
1369 2452 1536 2487 studendi
1553 2452 1694 2499 gratia:
1723 2453 1783 2487 sed
