2032 2912
324 317 387 350 146
711 312 944 345 HISTORIA
968 310 1344 344 ECCLESIASTICA

326 421 440 447 Dece.
466 411 630 444 Donatus
657 408 795 447 Scotus,
826 407 1012 451 episcopus
1043 406 1244 446 Bobiensis,
1271 405 1451 440 exstruxit
1477 406 1659 440 ecclesiam
1686 407 1722 441 S.

326 469 494 514 Brigidae
512 466 722 505 Placentiae,
735 469 770 498 et
784 464 989 510 adsignavit
1005 465 1221 499 monasterio
1235 464 1270 498 S.
1286 463 1511 503 Columbani,
1524 475 1595 497 non
1609 466 1725 498 solum

325 537 443 561 amore
461 524 540 564 Dei,
560 524 621 557 sed
639 523 746 557 etiam
765 523 850 568 quia
868 521 905 556 S.
925 522 1168 557 Columbanus
1187 522 1360 556 oriundus
1378 526 1455 556 erat
1479 533 1523 555 ex
1548 521 1726 556 Hibernia

326 583 464 618 Scotiae
482 581 631 615 insula.''
680 580 821 614 Auctor
837 581 1047 626 peregrinus
1065 579 1155 615 falso
1171 580 1315 625 putavit
1335 579 1549 614 Hiberniam
1567 592 1608 614 eo
1626 592 1724 615 secu—

322 643 356 675 lo
384 640 542 674 Scoticae
569 639 680 673 fuisse
707 639 877 680 ditionis3
911 643 946 673 et
975 639 1064 672 illud
1095 649 1179 672 sane
1214 642 1353 672 constat
1379 637 1575 678 Donatum,
1607 637 1727 672 Scotia

322 698 524 738 oriundum,
556 697 646 731 illud
676 697 804 731 honori
833 697 967 737 divino,
995 701 1030 731 et
1057 697 1194 741 patriae
1225 707 1310 730 suae
1338 701 1548 730 ornamento
1574 697 1724 737 dedisse,

320 761 363 791 ut
395 755 456 790 SS.
486 755 658 802 Brigidae
689 759 725 789 et
753 754 965 788 Columbani
993 754 1200 788 memoriam
1232 758 1440 794 revocaret3
1477 765 1631 798 quorum
1665 755 1728 789 illa

322 815 360 848 in
393 813 512 848 Scotia
543 813 622 857 ipsa
651 812 866 852 continente,
897 812 955 845 hic
984 812 1023 845 in
1051 812 1178 845 insulis
1207 810 1429 845 Hebridibus
1461 811 1599 846 Scotiae
1629 813 1727 858 adja-

322 873 494 912 centibus,
520 876 556 906 et
583 870 739 905 Scoticae
766 880 905 914 semper
930 869 1088 910 ditionis,
1118 869 1187 903 orti
1212 873 1340 903 essent.
1391 869 1446 902 De
1472 870 1540 903 hoc
1568 871 1727 904 testimo·

321 931 428 965 nium
462 929 643 968 haeretici,
671 927 809 972 patriae
839 937 937 960 meae
968 926 1109 967 infensi,
1148 926 1318 960 Gulielmi
1349 926 1521 960 Camdeni
1550 927 1589 960 in
1616 926 1727 961 Dam-

326 988 455 1027 noniis,
473 998 536 1021 seu
554 985 757 1025 Cornualia,
783 995 865 1030 pag.
885 993 1018 1017 CXXII.
1048 989 1069 1003 ‘⁶
1087 983 1272 1028 Oppidum
1299 984 1553 1018 mercatorium
1581 984 1727 1019 Colum-

320 1046 403 1080 bani
422 1045 530 1084 Scoti‚
549 1044 619 1077 viri
639 1042 866 1081 sanctissimi,
884 1042 1076 1075 memoriae
1100 1046 1343 1075 consecratum
1366 1041 1498 1076 sedet.''
1543 1042 1585 1076 Id
1600 1043 1726 1077 asserit

321 1103 488 1137 fidentius
522 1102 578 1135 vir
610 1100 691 1145 pius
723 1103 759 1133 et
787 1099 992 1133 Catholicus
1027 1099 1252 1144 Fridegodus
1287 1099 1326 1132 in
1362 1098 1450 1133 Vita
1485 1099 1521 1133 S.
1557 1099 1726 1135 Audoeni

320 1161 416 1205 apud
445 1159 590 1193 Surium
623 1162 709 1192 tom.
739 1165 792 1190 IV.
826 1168 907 1203 pag.
936 1165 1123 1190 CCLXXII.
1157 1161 1177 1175 “
1203 1156 1269 1191 Vir
1300 1156 1378 1190 Deo
1405 1157 1555 1191 dilectus
1582 1157 1727 1192 Colum-

319 1219 443 1258 banus,
459 1228 586 1264 genere
601 1215 758 1250 Scotus.''
786 1213 938 1248 Arnold.
954 1214 1076 1249 Uvion
1088 1214 1149 1248 lib.
1165 1222 1202 1249 V.
1215 1226 1291 1260 cap.
1309 1224 1367 1249 XI.
1383 1219 1404 1235 ‘⁶
1415 1214 1467 1249 Et
1479 1216 1565 1249 tulit
1579 1227 1615 1249 se
1630 1221 1727 1260 post-

319 1277 465 1311 modum
483 1275 570 1309 ordo
587 1273 843 1308 Benedictinus
862 1273 900 1306 in
918 1272 1074 1307 Scotiam
1092 1272 1336 1319 Angliamque
1377 1297 1386 1307 .
1416 1297 1425 1307 .
1454 1298 1463 1307 .
1488 1263 1500 1307 '.
1529 1298 1538 1307 .
1567 1298 1576 1307 .
1611 1285 1630 1307 e
1647 1274 1727 1319 qui-

320 1335 385 1369 bus
410 1335 454 1368 ad
472 1332 723 1379 Burgundicas
743 1330 880 1364 Galliae
898 1335 1017 1376 partes
1043 1330 1080 1365 S.
1105 1330 1350 1366 Columbanus
1375 1333 1599 1366 ascendens.''
1650 1332 1727 1367 Nec

320 1403 405 1427 vero
424 1391 593 1425 Hirlandi
611 1390 783 1429 exultent,
802 1389 832 1422 si
857 1388 892 1422 S.
912 1388 1024 1423 Jonas
1048 1388 1187 1430 Scotus,
1212 1390 1250 1424 in
1267 1389 1366 1430 Vita,
1391 1401 1474 1424 eum
1500 1390 1539 1425 in
1563 1389 1725 1436 Lagenia

322 1455 449 1484 natum
479 1449 585 1488 dicat,
614 1458 697 1481 nam
729 1457 800 1480 vox
828 1451 1007 1492 corrupta,
1038 1451 1073 1481 et
1102 1447 1292 1482 dicendum
1322 1447 1494 1488 Ladenia,
1524 1459 1610 1482 nam
1640 1447 1726 1483 Pto—

321 1510 478 1542 lomaeus
510 1507 571 1541 lib.
606 1515 648 1540 11.
677 1505 749 1540 tab.
783 1513 843 1538 111.
873 1505 911 1539 in
934 1504 1089 1539 Albione
1119 1506 1212 1540 locat
1236 1505 1413 1547 Gadenos,
1441 1507 1504 1551 qui
1522 1503 1663 1548 Γαδηνοὶ,
1690 1511 1725 1542 et

318 1577 391 1600 uno
420 1567 593 1600 elemento
623 1567 763 1598 mutato
789 1563 920 1597 rectius
946 1562 1096 1603 Ladeni,
1122 1575 1218 1598 nunc
1246 1563 1421 1605 Laudien,
1452 1565 1490 1598 in
1522 1576 1594 1610 qua
1624 1565 1723 1611 regia

320 1624 569 1669 Edimburgus
584 1632 591 1656 :
611 1626 717 1666 atque
730 1621 783 1655 ita
796 1620 961 1655 Maeatae
978 1621 1046 1656 sub
1064 1623 1156 1656 valle
1175 1621 1310 1656 Pictico
1328 1626 1424 1662 sunt,
1439 1634 1535 1657 nunc
1549 1622 1723 1663 Merchia,

318 1683 403 1729 quia
431 1683 532 1716 limes
559 1681 708 1720 Scotiae,
736 1684 778 1714 ut
808 1680 845 1713 in
873 1678 1002 1720 Dione,
1031 1683 1068 1713 et
1095 1679 1286 1724 Xiphilino
1314 1680 1352 1714 in
1380 1680 1523 1721 Severo,
1549 1688 1631 1725 post
1656 1681 1722 1716 hos

318 1740 514 1778 Laudenia,
544 1750 634 1784 quae
659 1749 773 1782 usque
802 1738 847 1772 ad
869 1748 1040 1772 oceanum
1067 1738 1255 1773 occiduum
1279 1728 1480 1785 pertingit:
1508 1738 1593 1773 hinc
1618 1738 1722 1774 facile

319 1804 354 1833 et
372 1799 467 1832 hunc
485 1802 521 1831 et
538 1797 670 1831 Divam
696 1796 885 1842 Brigidam
909 1795 1047 1831 Scotiae
1073 1800 1216 1830 nostrae
1241 1796 1451 1838 vindicabis,
1475 1796 1561 1842 quia
1584 1797 1661 1832 nati
1684 1796 1723 1831 in

319 1856 504 1890 Laudenia
531 1856 710 1893 dicuntur,
742 1858 777 1888 et
807 1854 893 1888 haec
919 1854 1064 1899 quidem
1094 1854 1144 1888 ibi
1175 1858 1271 1895 nata,
1300 1855 1530 1899 postmodum
1556 1859 1658 1899 patre
1683 1855 1723 1890 in

319 1914 566 1949 Cathenesiam
585 1913 705 1952 misso,
726 1912 770 1946 ad
788 1912 923 1946 insulas
942 1922 979 1946 se
997 1912 1148 1946 contulit
1166 1911 1334 1953 Scoticas,
1359 1914 1550 1957 velumque
1573 1913 1722 1959 virgini-

320 1973 406 2006 tatis
424 1972 553 2005 induit.

368 2029 492 2064 Vitam
511 2029 587 2074 ejus
607 2032 754 2072 actaque
773 2028 894 2062 omnia
910 2026 1158 2068 Adamandus,
1176 2039 1239 2062 seu
1257 2026 1507 2068 Adamannus,
1523 2027 1662 2069 Scotus,
1677 2028 1721 2062 de

321 2098 390 2131 quo
409 2098 528 2131 supra,
547 2086 647 2120 libris
668 2094 727 2119 111.
747 2087 952 2130 complexus
971 2090 1058 2126 erat,
1076 2090 1111 2120 et
1128 2085 1240 2120 Jonas
1259 2086 1418 2132 ejusdem
1437 2086 1644 2131 discipulus,
1659 2086 1721 2121 sed

321 2146 358 2178 in
377 2145 479 2190 cujus
497 2144 629 2188 scripto
647 2145 761 2177 multa
780 2144 853 2177 sint
871 2144 1076 2188 depravata,
1094 2144 1273 2179 inserente
1291 2144 1489 2179 Laurentio
1507 2143 1614 2179 Surio
1632 2149 1718 2179 tom.

324 2211 378 2235 VI.
423 2201 667 2235 Wandelbert.
687 2201 869 2236 Prumien.
887 2201 1149 2248 Martyrologio
1165 2211 1173 2235 :

582 2273 736 2302 Undenam
751 2274 824 2302 abba
839 2273 1034 2302 Columbanus
1048 2273 1102 2302 sibi
1116 2279 1211 2302 servat
1226 2275 1261 2303 ab
1276 2274 1339 2313 ipso

582 2320 709 2354 Oceano,
725 2321 826 2350 multis
840 2321 917 2349 vitae
931 2321 981 2359 qui
995 2320 1128 2359 dogmata
1142 2327 1258 2350 sanctae

586 2367 736 2405 Religione
750 2368 798 2407 pia
811 2368 916 2407 sparsit
930 2378 1059 2397 sermone
1073 2379 1229 2407 manuque,
1245 2370 1297 2398 &c-

372 2433 472 2468 Inter
489 2433 739 2468 ecclesiasticos
759 2435 949 2478 scriptores
968 2446 989 2468 a
1006 2434 1191 2480 Sigeberto
1206 2436 1393 2479 reponitur
1411 2447 1486 2480 cap.
1504 2444 1587 2469 LX1.
1608 2440 1644 2470 et
1660 2446 1717 2469 ve-
