2032 2912
374 394 870 453 HISTORIAE
913 390 1679 447 ECCLESIASTICAE

661 489 941 568 GENTIS
980 486 1380 535 SCOTORUM

786 612 969 652 LIBER
999 610 1263 651 TERTIUS.

708 758 742 792 S.
771 756 920 791 CAIUS
946 754 1208 789 SEDULIUS.
1258 757 1339 792 229.

330 850 363 883 S.
377 849 500 884 CAIUS
515 848 690 887 Sedulius,
709 847 784 880 sive
802 846 955 884 Coelius,
974 847 1219 889 cognomento,
1237 847 1279 876 ut
1297 843 1450 882 videtur,
1470 842 1645 884 Romano,
1665 846 1720 878 in-

329 918 414 952 gens
433 907 568 951 patriae
585 917 669 939 suae
688 907 946 938 ornamentum.
991 900 1014 934 J
1017 912 1095 934 oan.
1108 900 1276 933 Leslaeus
1290 900 1351 933 lib.
1373 909 1426 933 IV.
1442 911 1524 945 pag.
1545 909 1718 935 CXXXIV.

330 969 350 983 “
364 965 431 998 Dei
449 963 590 997 amans’'
609 974 630 996 a
646 961 670 995 J
672 973 703 995 o.
719 960 903 1005 Groppero
920 965 1006 993 tom.
1024 967 1048 992 1.
1063 958 1106 992 de
1118 957 1433 991 Praestantissimo
1448 956 1586 991 Altaris
1598 958 1720 992 Sacra-

328 1027 448 1055 mento
474 1022 511 1054 in
535 1020 649 1053 indice
673 1019 882 1062 appellatur.
902 1015 1125 1050 Bibliotheca
1151 1014 1336 1048 Minorum
1363 1014 1513 1048 Patrum
1541 1016 1635 1059 apud
1661 1016 1718 1049 Jo.

328 1079 551 1113 Gualterium
570 1078 745 1111 Chronico
763 1076 929 1109 chronic.
954 1084 1036 1118 pag.
1064 1081 1326 1106 DCCCCLXXV.
1355 1076 1376 1091 “
1394 1071 1537 1106 Coelius
1555 1072 1720 1107 Sedulius

328 1138 484 1171 Scotus.’'
511 1136 534 1169 J
536 1147 614 1169 oan.
630 1135 805 1168 Trithem.
820 1133 879 1167 lib.
900 1133 942 1165 de
954 1130 1193 1175 Scriptoribus
1212 1128 1470 1163 Ecclesiasticis
1488 1139 1495 1162 :
1521 1134 1541 1148 ‘⁶
1555 1126 1721 1164 Sedulius

328 1195 522 1239 presbyter,
533 1194 675 1227 natione
684 1191 821 1231 Scotus,
837 1189 1038 1224 Hildeberti
1052 1187 1237 1221 Scotorum
1253 1187 1507 1231 archiepiscopi
1522 1188 1566 1221 ab
1577 1188 1722 1222 ineunte

327 1258 440 1286 aetate
458 1251 663 1295 discipulus,
683 1250 739 1282 vir
756 1249 793 1282 in
812 1247 944 1281 divinis
962 1246 1075 1280 literis
1094 1245 1318 1284 exercitatus,
1343 1249 1378 1277 et
1401 1245 1616 1279 secularibus
1644 1247 1721 1279 lite-

327 1310 540 1347 ratissimus,
563 1308 717 1341 carmine
735 1307 907 1340 excellens
931 1309 967 1338 et
989 1314 1104 1348 prosa,
1129 1313 1249 1336 amore
1267 1302 1423 1335 discendi
1443 1301 1598 1336 Scotiam
1617 1304 1721 1337 relin-

326 1378 437 1411 quens
456 1366 553 1399 venit
571 1365 608 1398 in
626 1364 834 1402 Franciam3
853 1363 979 1396 deinde
998 1361 1140 1395 Italiam
1158 1360 1401 1403 perlustravit,
1420 1365 1455 1393 et
1473 1359 1618 1401 Asia1n3
1641 1373 1720 1405 pos-

328 1430 440 1458 tremo
457 1423 614 1457 Achaiae
631 1421 761 1455 finibus
779 1420 960 1459 excedens,
986 1419 1024 1452 in
1045 1418 1132 1452 urbe
1151 1417 1268 1451 Roma
1286 1417 1442 1451 mirabili
1465 1418 1627 1452 doctrina
1653 1421 1721 1453 cla-

329 1493 388 1515 rus
407 1480 548 1514 effulsit.
601 1479 671 1512 Hic
689 1478 844 1518 tandem,
868 1482 910 1511 ut
934 1476 1140 1522 Sigebertus
1165 1474 1299 1514 scribit,
1325 1475 1510 1519 episcopus
1535 1476 1721 1510 ordinatus

327 1539 407 1577 fuit,
426 1538 485 1571 sed
505 1537 695 1575 ecclesiam,
715 1536 771 1569 vel
789 1535 912 1569 urbem
931 1534 1004 1573 ubi,
1022 1544 1094 1566 non
1112 1532 1312 1576 expri1nit.'’
1364 1532 1519 1566 Aue-tius
1539 1535 1720 1578 exemplar

327 1596 501 1641 Sigeberti
520 1595 656 1627 viderat
677 1593 898 1627 Trithemius
917 1596 1063 1630 nostro;
1090 1601 1174 1623 nam
1192 1590 1230 1622 in
1249 1591 1397 1635 vulgata
1415 1591 1580 1630 editione,
1600 1591 1642 1624 de
1662 1591 1720 1626 Se-

326 1654 422 1686 dulio
440 1649 483 1685 ne
502 1652 649 1685 verbum
667 1652 791 1690 ullum,
817 1651 886 1683 nisi
910 1649 1001 1683 forte
1027 1649 1065 1681 in
1091 1648 1240 1681 historia
1266 1647 1343 1692 ejus
1370 1649 1585 1688 meminerit,
1612 1661 1718 1693 quam

326 1710 403 1743 MS.
423 1715 543 1743 extare
561 1709 703 1748 scimus,
722 1713 784 1741 aut
802 1708 840 1740 in
858 1707 956 1741 Viris
975 1705 1191 1744 Illustribus,
1211 1709 1246 1738 et
1264 1704 1356 1738 forte
1374 1706 1508 1750 legerat
1527 1706 1596 1739 ille.

374 1768 532 1800 Tantum
551 1766 646 1799 illius
665 1766 721 1799 vel
738 1766 875 1809 pietati,
903 1765 959 1798 vel
984 1762 1165 1807 probitati,
1192 1767 1227 1796 et
1253 1762 1434 1795 doctrinae
1461 1763 1650 1803 tributum,
1678 1771 1719 1798 ut

327 1826 468 1858 ecclesia
487 1825 637 1868 hymnos
656 1823 700 1857 ab
718 1834 758 1856 eo
775 1822 988 1866 compositos
1006 1819 1256 1854 celebrioribus
1275 1820 1359 1853 anni
1378 1819 1477 1854 festis
1502 1827 1616 1861 canat,
1648 1823 1719 1856 imo

327 1889 360 1916 et
379 1884 414 1915 in
434 1884 599 1926 Augusto
617 1881 746 1914 missae
763 1879 945 1919 sacrificio,

588 1936 670 1964 Salve
685 1942 782 1964 sancta
796 1945 908 1974 parenS,
923 1934 1007 1963 enixa
1021 1943 1163 1972 puerpera
1176 1942 1281 1970 regem.

376 1995 473 2028 Inter
492 2000 627 2027 veteres
645 1993 806 2027 nonnulli
826 1993 946 2038 magni
965 1992 1042 2037 ejus
1061 1991 1257 2025 doctrinam
1276 1991 1400 2031 fecere,
1427 2004 1579 2037 eumque
1598 1995 1719 2028 lauda-

328 2064 419 2086 vere.
463 2052 586 2085 Aurel.
599 2051 797 2084 Cassiodor.
815 2050 874 2083 lib.
888 2050 930 2083 de
941 2049 1064 2082 Divin.
1080 2048 1277 2083 Lectionib.
1293 2061 1367 2093 cap.
1382 2059 1516 2084 xxvn.
1538 2056 1558 2069 ‘⁶
1571 2051 1641 2085 Ubi
1659 2051 1716 2085 Se-

328 2111 414 2144 dulii
436 2111 484 2143 illi
506 2121 629 2143 versus
650 2109 788 2143 dicendi
812 2113 896 2142 sunt
910 2108 941 2148 ;”
969 2107 1084 2141 adfert
1106 2106 1232 2141 deinde
1256 2108 1383 2147 locum,
1409 2108 1468 2141 sed
1494 2110 1717 2152 corruptissi-

329 2179 424 2200 mum
441 2178 450 2206 ς
479 2173 518 2200 tu
537 2168 623 2212 lege,

588 2229 717 2258 Grandia
730 2239 813 2268 posco
826 2229 952 2267 quidem,
968 2228 1018 2257 sed
1032 2234 1065 2257 tu
1080 2228 1147 2257 dare
1161 2229 1281 2267 grandia
1296 2230 1380 2258 nosti.

589 2276 682 2311 Quem
698 2277 788 2314 magis
802 2276 930 2309 offendit,
946 2276 1076 2314 quisquis
1091 2276 1230 2314 sperando
1244 2277 1374 2315 tepescit.

380 2342 536 2374 Isidorus
557 2342 779 2385 Hispalensis
797 2343 944 2375 advocat
964 2342 1022 2375 lib.
1045 2352 1114 2376 XX.
1134 2354 1209 2386 cap.
1231 2352 1284 2376 lv.
1304 2343 1417 2377 Asser
1435 2344 1616 2377 Menensis
1636 2344 1715 2377 libr.

329 2400 370 2431 (le
389 2398 472 2431 Vita
489 2399 646 2431 Aelfredi
667 2398 775 2443 Regis
791 2400 826 2431 in
841 2400 983 2432 limine:
1011 2405 1030 2418 ‘⁵
1044 2399 1169 2433 Getam
1185 2401 1397 2445 jamdudum
1419 2401 1548 2446 pagani
1563 2411 1627 2443 pro
1641 2400 1717 2434 Deo
