2032 2912
661 341 836 374 GENTIS
861 340 1134 379 SCOTORUM,
1159 340 1248 372 LIB.
1272 339 1331 371 IV.
1620 338 1680 367 221

751 492 1099 527 DORNADILLA.
1151 494 1233 526 403.

306 608 600 648 DORNADILLA‚
619 607 795 641 Marinius
813 618 834 641 a
851 606 1062 651 quibusdam
1080 618 1264 651 perperam
1287 608 1402 641 dictus
1425 617 1489 651 pro
1513 605 1682 643 Mainius‚

304 667 399 710 quod
413 666 561 700 barbare
580 665 695 698 Maini
713 663 825 697 filium
843 668 956 703 sonat,
980 668 1129 708 quartus
1152 664 1341 698 infantiam
1359 663 1487 697 Scotici
1504 662 1616 708 regni,
1639 661 1683 695 ab

304 734 371 757 avo
396 723 571 768 Fergusio
596 721 764 761 inchoati,
794 720 936 754 fortiter
961 722 1233 756 administravit.
1284 721 1402 755 Pictos
1429 725 1465 754 et
1490 720 1683 754 Britannos

305 781 564 814 tumultuantes
582 779 807 823 compescuit.
859 778 999 823 Scripta
1021 779 1098 825 ejus
1124 779 1371 813 commendant
1395 777 1557 811 Andreas
1584 777 1685 810 Tira-

304 838 441 882 quellus
459 837 497 870 in
514 837 670 883 Legibus
689 836 969 871 Connubialibus
987 841 1022 871 et
1041 848 1144 881 opere
1162 837 1205 870 de
1218 835 1424 875 Nobilitate,
1443 834 1685 868 Chassanaeus

305 894 475 940 Catalogo
493 894 634 928 Gloriae
653 894 793 933 Mundi,
818 898 853 927 et
871 894 943 927 alii.
995 893 1135 928 Extant
1158 894 1353 928 etiamnum
1375 892 1479 926 hodie
1497 892 1592 935 apud
1608 902 1686 924 nos-

305 957 427 992 trates,
445 956 487 986 ut
505 952 664 985 referunt
681 951 863 985 annalium
882 952 1081 995 scriptores,
1099 956 1134 985 et
1151 952 1188 985 in
1206 950 1321 996 pretio
1338 949 1524 989 habentur,

451 1009 565 1055 Leges
582 1009 796 1043 Venatoriae
1240 1007 1302 1042 lib.
1322 1017 1347 1041 1.

354 1066 455 1101 Obiit
478 1078 571 1100 anno
592 1066 693 1111 regni
717 1067 772 1099 sui
796 1075 948 1100 XXVIII.
974 1071 1055 1100 ante
1079 1066 1262 1100 Christum
1286 1070 1411 1099 natum
1428 1064 1530 1098 annis
1549 1072 1686 1098 CCXIX.

307 1124 401 1158 Hinc
418 1129 518 1168 patet
534 1125 674 1158 nullum
691 1135 841 1169 regnum
860 1123 978 1158 Scotia
995 1124 1182 1158 vetustius.

786 1238 830 1272 B.
859 1237 1077 1273 DUDOCO.
1131 1240 1212 1272 404.

307 1352 349 1387 Β.
377 1353 560 1393 Dunoco,
589 1354 664 1386 sive
687 1353 838 1392 Bodeca,
862 1352 956 1396 (vide
980 1355 1102 1399 supra)
1127 1354 1198 1387 fuit
1221 1362 1306 1386 XIV.
1334 1353 1516 1396 episcopus
1538 1351 1691 1384 Lichfel-

306 1410 437 1444 diensis
455 1415 490 1444 et
504 1410 768 1444 Coventriensis
787 1410 824 1443 in
842 1409 976 1455 Anglia
995 1420 1088 1443 anno
1103 1417 1258 1442 MXXXI.
1301 1407 1375 1440 Adi
1392 1407 1454 1440 lib.
1475 1406 1537 1452 [11.
1557 1418 1590 1450 p.
1611 1405 1688 1450 87.]

308 1467 422 1502 Extat
439 1469 579 1513 elegans
598 1472 772 1501 tractatus
790 1467 914 1511 ipsius,
934 1467 1029 1511 typis
1047 1464 1359 1511 Lugdunensibus,

453 1525 508 1559 De
527 1525 777 1559 Translatione
795 1524 1043 1569 Reliquiarum
1243 1521 1304 1556 lib.
1324 1531 1349 1555 1.

660 1637 885 1673 GAVINUS
910 1637 1204 1673 DUGLASIUS.
1257 1638 1340 1670 405.

308 1756 496 1789 GAVINUS
521 1754 728 1800 Duglasius,
756 1754 977 1787 nobilissima
1001 1756 1037 1786 et
1061 1752 1156 1796 apud
1182 1751 1303 1785 Scotos
1329 1751 1499 1795 primaria
1524 1750 1691 1783 comitum

308 1813 493 1859 Angusiae
510 1812 647 1846 familia
665 1815 776 1851 ortus,
802 1811 985 1854 episcopus
1008 1808 1282 1848 Dunkeldensis‚
1309 1813 1344 1842 et
1369 1812 1502 1852 postea,
1528 1812 1568 1841 ut
1594 1811 1692 1851 puto,

308 1870 591 1914 archiepiscopus
618 1867 853 1907 Glascuensis,
877 1872 897 1886 “
912 1867 967 1900 vir
990 1867 1033 1900 ad
1057 1877 1187 1911 magna
1209 1870 1325 1905 natus,
1350 1876 1487 1899 summa
1511 1865 1692 1898 nobilitate

308 1932 343 1962 et
361 1927 524 1967 virtute,”
543 1927 594 1960 ait
613 1926 810 1970 Polydorus
827 1923 1001 1970 Virgilius
1020 1924 1080 1958 lib.
1101 1932 1160 1957 111.
1188 1923 1324 1957 Histor.
1350 1923 1492 1968 Anglic.
1520 1934 1600 1968 pag.
1622 1931 1691 1954 L11.

309 1984 402 2030 Ejus
421 1985 655 2018 eruditionem
675 1982 825 2022 extollit,
852 1982 933 2015 licet
955 1981 1163 2021 haereticus,
1191 1981 1430 2015 Buchananus
1456 1981 1515 2015 lib.
1538 1989 1579 2013 11.
1609 1979 1693 2023 Epi-

309 2047 498 2088 grammat.

611 2154 752 2182 Praesulis
766 2153 886 2182 accubui
900 2157 1048 2191 postquam
1063 2152 1180 2180 conviva
1195 2151 1311 2184 Gavini,

649 2201 704 2229 Dis
718 2211 774 2229 non
789 2200 903 2228 invideo
916 2205 1014 2228 nectar
1027 2205 1056 2228 et
1071 2199 1246 2227 ambrosiam.

612 2247 769 2287 Splendida
783 2257 878 2280 coena,
893 2246 994 2285 epulae
1009 2246 1112 2280 lautae,
1128 2246 1282 2274 ambitione
1296 2252 1413 2279 remota,

651 2295 766 2323 Tetrica
781 2294 915 2332 Cecropio
929 2294 1001 2322 seria
1015 2294 1105 2322 tincta
1119 2293 1176 2321 sale
1188 2304 1194 2320 :

611 2343 717 2370 Coetus
731 2347 792 2370 erat
809 2342 902 2369 Musis
916 2351 1034 2369 numero
1048 2351 1107 2379 par,
1122 2350 1174 2369 nec
1188 2340 1243 2369 sibi
1257 2340 1351 2378 dispar

649 2389 796 2422 Doctrina,
812 2389 935 2426 ingenio,
950 2388 1143 2426 simplicitate,
1158 2387 1222 2416 fide.

613 2436 679 2475 Ipse
694 2436 763 2464 alios
778 2446 863 2474 supra
877 2435 1000 2464 facundo
1013 2435 1154 2473 prominet
1168 2444 1223 2468 ore,
1288 2439 1291 2442 '
