2032 2912
710 354 886 387 GENTlS
913 353 1189 392 SCOTORUM,
1214 354 1303 386 LIB.
1329 353 1393 385 ΙΙΙ.
1684 352 1746 384 157

351 456 453 485 notat
488 450 663 484 Kenicum
700 451 737 484 in
771 449 984 495 quibusdam
1020 449 1138 483 vocari
1169 449 1358 483 codicibus.
1389 448 1602 482 Franciscus
1639 446 1743 480 Mau-

350 510 491 554 rolycus
511 508 606 542 dicto
623 509 696 542 die:
721 513 742 527 “
757 507 801 541 In
819 507 937 541 Scotia
955 506 999 539 B.
1015 505 1174 540 Cannitii
1192 506 1361 540 abbatis.''
1404 505 1573 540 Meminit
1590 509 1626 539 et
1647 503 1743 539 Petr.

310 564 552 599 <··.Galesinius
582 566 618 598 in
648 577 712 599 suo
744 563 1016 609 MartyrologiO,
1043 567 1078 596 et
1106 562 1202 596 Petr.
1231 563 1270 596 in
1296 563 1468 609 Catalogo
1494 562 1553 596 lib.
1582 571 1639 596 xl.
1667 573 1743 607 cap.

326 609 415 656 ⁵u1t.
436 622 556 656 Felici.
575 623 613 656 in
631 621 899 666 Ephemeridib.
927 620 1077 653 Arnold.
1104 619 1226 653 Uvion
1251 619 1311 653 lib.
1338 629 1399 653 111.
1426 619 1533 666 Lign.
1558 619 1633 654 Vit.
1660 630 1741 666 pag.

350 687 593 714 CCCXXXVII.
612 679 674 723 qui
691 690 764 713 non
781 683 835 712 est
852 678 942 711 mihi
960 677 1006 711 ad
1024 687 1180 710 manum.
1234 676 1374 721 Scripta
1397 677 1623 711 interierunt.
1668 677 1744 711 Nec

348 737 444 771 ullus
478 737 684 770 mortalium
721 747 786 781 pro
815 734 985 769 mendicis
1016 738 1098 773 stat,
1130 745 1251 768 omnes
1282 735 1377 767 enim
1408 735 1582 768 nominati
1614 735 1744 769 diserte

348 793 494 828 Scotum
522 799 661 833 vocant,
690 798 726 828 et
754 793 812 827 Jo.
840 804 861 826 a
889 792 1005 838 Nigra
1027 791 1130 826 Valle
1159 791 1401 825 bibliothecar.
1431 791 1467 825 S.
1493 792 1538 825 R.
1566 792 1611 826 E.
1640 798 1661 812 ‘⁶
1679 792 1745 827 Ca-

348 852 462 885 nicius
488 851 596 886 abbas
622 852 810 886 canonicae
834 850 1025 894 Scotiensis
1052 848 1262 883 confessor.”
1312 848 1492 883 Ghinius:
1520 854 1541 869 “
1560 850 1603 883 In
1626 849 1743 884 Scotia

348 908 469 943 Sancti
487 909 610 943 Canici
629 909 799 943 abbatis.''

397 966 473 1000 Nec
497 978 568 1011 quo
594 971 752 1011 tempore
774 966 946 1006 floruerit,
980 970 1074 1000 certo
1100 965 1202 1010 potui
1228 965 1455 1005 constituere,
1479 965 1575 1009 quod
1601 966 1744 999 annales

347 1025 461 1058 nostri
492 1025 630 1065 sileant,
658 1035 722 1058 nec
747 1024 1006 1069 martyrologia
1037 1023 1241 1067 loquantur.
1293 1022 1513 1057 Canonicum
1545 1024 1744 1068 regularem

347 1081 434 1115 facit
466 1081 724 1116 Constantinus
756 1081 922 1116 Ghinius.
993 1079 1071 1114 Hoc
1105 1092 1220 1114 unum
1254 1086 1403 1120 constat,
1442 1080 1655 1115 Hiberniam
1689 1081 1743 1114 in-

348 1140 466 1173 colatu
492 1150 557 1173 suo
580 1139 669 1172 mire
697 1139 782 1173 olim
807 1138 1024 1173 nobilitasse.
1075 1138 1171 1172 Hinc
1200 1138 1396 1172 Kilkennia
1421 1138 1654 1183 episcopatus,
1682 1138 1743 1183 qui

348 1196 504 1236 Osseria,
523 1197 625 1241 quasi
645 1196 774 1230 Kanici
791 1195 915 1230 fanum
931 1206 939 1229 :
966 1195 1016 1229 sic
1035 1195 1229 1240 Kilpatrik,
1256 1195 1433 1236 Colonkil,
1461 1196 1638 1236 Kilmaur,
1666 1195 1745 1229 Kil-

347 1255 435 1293 reul,
468 1254 625 1294 Patricii,
657 1254 862 1294 Columbae,
890 1253 1050 1293 Maurae,
1078 1253 1220 1299 Reguli,
1248 1254 1395 1298 templa,
1423 1254 1548 1300 lingua
1573 1257 1742 1287 nostrate.

349 1308 491 1345 Colitur
509 1320 567 1345 XI.
586 1311 730 1346 Octobr.

785 1426 822 1461 S.
849 1426 1164 1462 CONUALLUS.
1217 1424 1300 1460 263.

348 1547 369 1563 “
386 1542 422 1577 S.
453 1543 717 1584 CONUALLUS,
741 1543 787 1577 D.
808 1542 1024 1588 Kentigerni
1050 1542 1258 1587 discipulus,
1285 1542 1387 1588 cujus
1414 1542 1587 1586 reliquiae
1616 1542 1743 1576 celebri

347 1605 580 1635 monumento
597 1602 635 1635 in
655 1600 883 1641 Inchemnen,
902 1600 999 1634 haud
1016 1601 1140 1645 procul
1158 1612 1180 1634 a
1197 1599 1410 1646 Glasguensi
1429 1600 1584 1640 civitate,
1604 1612 1625 1634 a
1642 1600 1746 1634 Chri-

348 1659 465 1693 stiano
496 1660 630 1703 populo
658 1659 830 1692 haetenus
858 1659 896 1691 in
921 1669 1052 1703 magna
1078 1658 1256 1692 habentur
1281 1658 1519 1693 veneratione.
1571 1657 1689 1693 Affuit
1715 1659 1745 1692 is

349 1715 484 1750 Aidani
513 1717 608 1762 regis
639 1716 769 1756 funeri,
800 1716 886 1749 dum
913 1727 933 1749 a
960 1715 1196 1759 Kylsthorain
1222 1715 1260 1748 in
1286 1714 1419 1749 Canter
1442 1714 1583 1749 funebri
1615 1727 1745 1760 pompa

350 1773 536 1807 efferretur
554 1774 591 1807 in
609 1774 765 1807 insulam
783 1772 920 1806 Ionam.
971 1772 1091 1806 Affuit
1108 1776 1143 1806 et
1160 1783 1232 1806 non
1250 1774 1364 1806 multo
1387 1777 1468 1816 post
1490 1773 1613 1816 populi
1640 1774 1745 1807 comi-

349 1831 409 1865 tiis
437 1832 474 1865 in
500 1831 699 1877 Argadiam
725 1831 880 1871 indictis,
906 1830 1068 1875 patribus
1095 1829 1311 1869 auctoribus,
1336 1830 1430 1875 regis
1448 1831 1533 1864 novi
1552 1831 1588 1863 in
1607 1831 1745 1864 demor-

351 1889 406 1923 tui
420 1890 535 1923 locum
548 1889 701 1935 eligendi
713 1889 850 1922 causa.''
876 1888 980 1922 Hect.
993 1887 1121 1921 Boeth.
1133 1887 1194 1921 lib.
1211 1896 1267 1921 IX.
1284 1887 1381 1921 Hist.
1397 1887 1490 1921 Scot.
1506 1899 1586 1933 pag.
1602 1896 1744 1921 CLXXI.

350 1946 408 1981 J0.
427 1947 597 1981 Leslaeus
621 1946 681 1980 lib.
703 1955 758 1980 IV.
782 1957 862 1992 pag.
887 1954 1001 1979 CLIII.
1045 1944 1196 1979 Arnold.
1224 1944 1345 1979 Uvion
1371 1945 1431 1979 lib.
1456 1954 1515 1979 111.
1542 1947 1618 1980 loco
1639 1946 1745 1980 toties

349 2005 505 2039 laudato.

401 2062 663 2108 Martyrologia
681 2062 798 2101 silent,
817 2072 880 2095 nec
898 2072 970 2106 quo
988 2061 1045 2095 die
1063 2061 1138 2107 ejus
1159 2061 1366 2094 memoriam
1385 2060 1522 2095 Scotica
1539 2062 1670 2095 recolat
1692 2072 1745 2095 ec-

351 2120 469 2159 clesia,
496 2131 540 2153 ex
568 2120 755 2153 annalibus
785 2118 1004 2153 nostratibus
1028 2119 1116 2152 scire
1140 2119 1262 2163 potui:
1289 2129 1467 2163 anonymo
1493 2123 1612 2152 tamen
1639 2119 1746 2163 scrip-

350 2177 420 2212 tori
440 2177 546 2211 Scoto
564 2177 624 2211 lib.
644 2178 686 2210 de
704 2176 935 2221 Antiquitate
957 2175 1113 2210 Scoticae
1140 2175 1319 2210 Ecclesiae
1345 2177 1488 2210 videtur
1514 2176 1645 2211 festum
1669 2177 1747 2222 ejus

350 2236 456 2269 recoli
468 2235 639 2279 postridie
653 2235 787 2269 calend.
800 2234 951 2274 Quintil.
976 2234 1117 2268 Viderit
1128 2234 1214 2278 ipse.
1239 2233 1344 2268 Certe
1355 2234 1531 2268 breviaria
1542 2234 1679 2268 Scotica
1690 2234 1747 2268 die

351 2302 471 2326 XVIII.
491 2292 581 2326 Maii
599 2293 733 2326 cultum
754 2293 889 2331 volunt,
908 2298 943 2326 et
961 2291 1117 2336 primum
1139 2290 1249 2325 fuisse
1267 2290 1513 2325 Glascoensem
1534 2292 1746 2326 archidiaco-

349 2362 446 2384 num.
500 2350 649 2395 Scripsit

500 2408 715 2454 Kentigerni
735 2408 904 2454 Magistri
922 2407 1046 2442 Vitam
1294 2407 1355 2441 lib.
1376 2417 1400 2440 1.

498 2465 632 2500 Contra
650 2466 759 2501 Ritus
779 2465 1016 2501 Ethnicorum
1295 2465 1355 2499 lib.
1376 2474 1400 2499 1.
