2032 2912
676 358 851 392 GENTIS
877 358 1155 396 SCOTORUM‚
1180 359 1269 391 LIB.
1295 358 1352 390 IV.
1654 359 1713 388 231

664 452 723 480 Hic
738 452 840 480 Scotus
851 453 931 490 jaceo
945 452 1034 480 semel
1048 452 1189 490 sepultus,

663 499 703 527 Et
718 499 761 527 bis
775 505 916 533 mortuus,
931 500 1063 528 omnibus
1077 499 1212 538 sophistis

664 546 799 584 Argutus
812 546 914 584 magis,
928 552 1016 585 atque
1030 547 1183 585 captiosus.

323 630 392 663 Sed
410 634 445 664 et
462 629 605 663 Latomi
623 633 721 663 extat
739 640 882 662 carmen
904 629 1100 673 illepidum,
1123 629 1330 673 insipidum,
1356 641 1396 664 ac
1420 630 1617 674 impostura
1643 631 1716 673 ple-

323 698 421 727 num,
439 698 503 721 nec
519 687 590 733 legi
608 687 770 732 dignum,
788 686 858 719 nisi
877 691 919 720 ut
940 686 1147 732 arrogantia
1169 691 1205 720 et
1228 687 1432 733 ignorantia
1456 687 1595 721 obscuri
1622 692 1716 721 tene-

324 744 459 778 brionis
477 748 672 790 arguatur:

585 833 767 872 Quacunque
781 833 900 862 humani
914 834 1040 868 fuerant,
1051 834 1183 873 jurisque
1197 835 1310 868 sacrati,

623 881 661 909 In
679 881 800 910 dubium
814 881 937 910 veniunt
951 887 1055 910 cuncta
1067 887 1186 911 vocante
1202 882 1295 911 Scoto-

585 928 688 964 Quid?
710 928 797 967 quod,
812 934 842 957 et
856 929 887 956 in
901 928 1023 957 dubium
1036 929 1116 958 illius
1130 930 1168 958 sit
1182 930 1242 958 vita
1257 935 1365 963 vocata,

623 976 720 1005 Morte
734 976 818 1004 illum
832 976 921 1005 simili
934 976 1102 1005 ludificante
1117 977 1242 1015 stropha,

589 1024 663 1052 Cum
677 1034 734 1052 non
746 1029 814 1052 ante
828 1024 923 1052 virum
938 1024 998 1052 vita
1008 1024 1152 1062 jugularit
1167 1024 1311 1063 adempta,

624 1071 720 1107 Quam
735 1071 819 1100 vivus
832 1071 946 1100 tumulo
960 1072 1092 1100 conditus
1106 1072 1157 1101 ille
1171 1072 1254 1101 foret.

323 1155 467 1194 Quanto
485 1154 604 1189 verius
623 1154 846 1199 epitaphium
865 1155 941 1200 ejus
961 1155 1270 1192 vetustissimum!

586 1227 739 1256 Clauditur
753 1227 800 1256 hic
813 1227 901 1262 rivus,
916 1227 980 1256 fons
994 1227 1139 1260 ecclesiae,
1154 1227 1211 1261 via,
1225 1228 1308 1256 vivus

587 1275 697 1303 Doctor
706 1275 852 1312 justitiae,
867 1273 958 1303 studii
971 1274 1031 1308 flos,
1046 1284 1110 1303 arca
1124 1275 1250 1313 sophiae,

591 1322 712 1360 Ingenio
727 1322 875 1355 scandens,
890 1321 1049 1360 scripturae
1063 1321 1161 1350 abdita
1174 1321 1320 1360 pandens:

587 1368 659 1398 Dux
674 1369 732 1398 fuit
747 1368 796 1398 hic
809 1369 889 1403 cleri,
904 1368 1022 1397 claustri
1035 1368 1098 1402 lux,
1113 1374 1143 1397 et
1157 1369 1228 1398 tuba
1241 1369 1310 1398 veri.

323 1442 502 1477 Henricus
521 1442 675 1477 Suinton
694 1442 844 1477 Scotus:

587 1506 713 1545 Pingere
727 1506 771 1536 vis
786 1507 915 1542 Scotum,
932 1507 1068 1546 Sophiam
1082 1507 1222 1546 depinge:
1246 1508 1381 1547 Sophiam

626 1554 750 1592 Pingere
764 1554 818 1589 vis,
834 1553 952 1583 Scotum
967 1555 1072 1594 pinge;
1099 1555 1205 1594 Sophia
1220 1556 1331 1585 Scotus.

371 1621 588 1656 Summatim
614 1632 659 1655 ex
686 1621 820 1655 Matth.
848 1621 1001 1655 Ferchio
1026 1621 1197 1667 Veglensi
1222 1623 1299 1656 loco
1323 1622 1471 1656 laudato
1496 1633 1577 1668 pag.
1605 1632 1721 1656 XLIx.

323 1679 400 1725 eius
418 1680 540 1713 laudes
554 1690 773 1723 percurram.
828 1678 991 1712 Antonio
1010 1678 1205 1713 Possevino
1222 1680 1392 1713 laudatur
1405 1684 1427 1699 ‘⁵
1441 1680 1571 1713 eximia
1586 1680 1723 1714 modes-

275 1753 278 1757 ·
324 1737 386 1776 tia,
400 1736 568 1777 charitas,
585 1736 696 1769 animi
711 1736 935 1782 integritas.’'
971 1735 1164 1770 Guilielmo
1177 1735 1419 1781 Eisengrinio‚
1431 1740 1457 1756 ⁴“
1470 1736 1550 1771 fidei
1565 1736 1723 1771 Catholi-

325 1805 384 1827 cae
398 1793 584 1838 professio,
599 1793 806 1827 exercitatio
820 1793 859 1826 in
872 1793 995 1826 divina
1008 1794 1118 1838 lege.'’
1161 1792 1375 1833 Trithemio,
1390 1799 1410 1812 ‘⁶
1425 1794 1585 1828 studiosa
1598 1795 1723 1828 caeles-

324 1852 415 1885 tium
430 1851 691 1895 scripturarum
705 1851 891 1885 eruditio.”
929 1850 1038 1884 Petro
1052 1849 1255 1890 Tartareto,
1272 1855 1293 1869 “
1307 1855 1533 1895 contemptus
1548 1852 1643 1885 vitae
1657 1863 1722 1896 pro

319 1909 466 1955 justitia
483 1914 518 1943 et
537 1909 749 1954 aequitate.”
799 1908 977 1943 Chronico
995 1908 1244 1949 Framiscano,
1264 1913 1286 1928 ‘⁶
1303 1909 1526 1953 paupertatis
1545 1910 1723 1955 evangeli-

326 1979 385 2001 cae
399 1967 613 2012 opulentia.'’
653 1966 750 2001 Guil.
765 1966 940 2006 Voriloni‚
956 1970 977 1985 “
991 1977 1122 2012 magna
1135 1966 1355 2000 obedientiae
1368 1967 1590 2011 propensio.”
1637 1966 1724 2001 Bar-

326 2026 526 2059 tholomaeo
539 2024 681 2065 Pisano,
695 2029 717 2045 “
728 2025 891 2059 educatio
903 2025 941 2058 in
951 2024 1075 2058 divino
1089 2025 1198 2064 cultu,
1211 2029 1246 2058 et
1260 2025 1435 2070 religiosis
1448 2024 1722 2059 functionibus.'’

326 2082 656 2129 Epigrammatario
667 2083 813 2122 incerto,
826 2086 848 2101 “
859 2082 955 2116 vitae
966 2082 1190 2116 coelibatus?
1226 2082 1358 2126 Philip.
1371 2094 1392 2116 a
1403 2081 1491 2116 Sosa
1503 2087 1524 2101 ‘⁶
1537 2086 1651 2116 morte
1664 2093 1723 2115 ve-

326 2140 550 2180 nerabilem‚”
568 2139 751 2174 Antonius
764 2139 929 2173 Andreas
948 2144 970 2159 “
981 2140 1152 2174 memoria
1164 2140 1421 2180 benedictum‚'’
1440 2139 1641 2174 Gonsalvus
1656 2139 1724 2175 66.-

325 2197 456 2231 neralis
475 2201 496 2217 ‘⁶
514 2198 591 2232 vita
607 2197 852 2237 laudabilem‚”
871 2201 1010 2231 vocant.
1055 2196 1195 2242 Scripta
1213 2198 1289 2244 ejus
1308 2197 1332 2231 J
1334 2197 1425 2231 osias
1445 2196 1618 2232 simlerus
1637 2198 1722 2231 haec

326 2259 511 2289 numerat:

474 2313 590 2357 Super
608 2312 810 2347 sententias
1192 2313 1252 2347 lib.
1274 2322 1326 2346 1v.

475 2370 690 2410 Quodlibeta
1192 2371 1253 2405 lib.
1274 2380 1298 2404 1.

475 2427 530 2462 De
548 2427 762 2474 Cognitione
778 2427 847 2462 Dei
1194 2429 1255 2463 lib.
1276 2438 1301 2462 1.

474 2485 519 2520 In
537 2485 822 2531 Metaphysicam
840 2484 1074 2526 Quaestiones
1191 2486 1253 2521 lib.
1274 2496 1298 2520 1.

984 2546 1055 2578 211
