<?xml version="1.0" encoding="UTF-8"?>
<!DOCTYPE html PUBLIC "-//W3C//DTD XHTML 1.0 Transitional//EN"
    "http://www.w3.org/TR/xhtml1/DTD/xhtml1-transitional.dtd">
<html xmlns="http://www.w3.org/1999/xhtml" xml:lang="en" lang="en">
 <head>
  <title>
</title>
<meta http-equiv="Content-Type" content="text/html;charset=utf-8" />
  <meta name='ocr-system' content='tesseract 3.04.00' />
  <meta name='ocr-capabilities' content='ocr_page ocr_carea ocr_par ocr_line ocrx_word'/>
</head>
<body>
  <div class='ocr_page' id='page_1' title='image "./thomaedempste2101dempuoft_0336.png"; bbox 0 0 2032 2912; ppageno 0'>
   <div class='ocr_carea' id='block_1_1' title="bbox 346 308 1361 346">
    <p class='ocr_par' dir='ltr' id='par_1_1' title="bbox 346 308 1361 346">
     <span class='ocr_line' id='line_1_1' title="bbox 346 308 1361 346; baseline -0.004 -2"><span class='ocrx_word' id='word_1_1' title='bbox 346 314 409 346; x_wconf 71' lang='lat'>274</span> <span class='ocrx_word' id='word_1_2' title='bbox 727 309 960 343; x_wconf 90' lang='lat' dir='ltr'><strong>HISTORIA</strong></span> <span class='ocrx_word' id='word_1_3' title='bbox 985 308 1361 342; x_wconf 86' lang='lat' dir='ltr'>ECCLESIASTICA</span> 
     </span>
    </p>
   </div>
   <div class='ocr_carea' id='block_1_2' title="bbox 346 402 1748 625">
    <p class='ocr_par' dir='ltr' id='par_1_2' title="bbox 346 402 1748 625">
     <span class='ocr_line' id='line_1_2' title="bbox 350 402 1743 453; baseline -0.004 -10"><span class='ocrx_word' id='word_1_4' title='bbox 350 414 427 443; x_wconf 90' lang='lat' dir='ltr'>trus</span> <span class='ocrx_word' id='word_1_5' title='bbox 454 410 491 443; x_wconf 92' lang='lat' dir='ltr'>in</span> <span class='ocrx_word' id='word_1_6' title='bbox 518 408 690 453; x_wconf 88' lang='lat' dir='ltr'>Catalogo</span> <span class='ocrx_word' id='word_1_7' title='bbox 716 406 776 440; x_wconf 92' lang='lat' dir='ltr'>lib.</span> <span class='ocrx_word' id='word_1_8' title='bbox 798 414 855 439; x_wconf 85' lang='lat' dir='ltr'>Ix.</span> <span class='ocrx_word' id='word_1_9' title='bbox 874 416 949 449; x_wconf 88' lang='lat' dir='ltr'>cap.</span> <span class='ocrx_word' id='word_1_10' title='bbox 969 413 1099 439; x_wconf 89' lang='lat' dir='ltr'>CXVII.</span> <span class='ocrx_word' id='word_1_11' title='bbox 1152 404 1273 438; x_wconf 89' lang='lat' dir='ltr'>Trith.</span> <span class='ocrx_word' id='word_1_12' title='bbox 1301 404 1344 438; x_wconf 93' lang='lat' dir='ltr'>de</span> <span class='ocrx_word' id='word_1_13' title='bbox 1370 404 1481 438; x_wconf 90' lang='lat' dir='ltr'>illust.</span> <span class='ocrx_word' id='word_1_14' title='bbox 1509 403 1588 438; x_wconf 89' lang='lat' dir='ltr'>Vir.</span> <span class='ocrx_word' id='word_1_15' title='bbox 1616 402 1743 438; x_wconf 85' lang='lat' dir='ltr'>Ordin.</span> 
     </span>
     <span class='ocr_line' id='line_1_3' title="bbox 348 461 1747 509; baseline -0.004 -8"><span class='ocrx_word' id='word_1_16' title='bbox 348 467 383 501; x_wconf 91' lang='lat' dir='ltr'>S.</span> <span class='ocrx_word' id='word_1_17' title='bbox 412 465 597 501; x_wconf 83' lang='lat' dir='ltr'>Benedicti</span> <span class='ocrx_word' id='word_1_18' title='bbox 623 475 699 509; x_wconf 91' lang='lat' dir='ltr'>cap.</span> <span class='ocrx_word' id='word_1_19' title='bbox 728 472 874 498; x_wconf 82' lang='lat' dir='ltr'>Lxxlv.</span> <span class='ocrx_word' id='word_1_20' title='bbox 901 467 937 497; x_wconf 92' lang='lat' dir='ltr'>et</span> <span class='ocrx_word' id='word_1_21' title='bbox 962 462 1024 497; x_wconf 88' lang='lat' dir='ltr'>lib.</span> <span class='ocrx_word' id='word_1_22' title='bbox 1053 471 1107 497; x_wconf 90' lang='lat' dir='ltr'>IV.</span> <span class='ocrx_word' id='word_1_23' title='bbox 1134 473 1210 507; x_wconf 86' lang='lat' dir='ltr'>cap.</span> <span class='ocrx_word' id='word_1_24' title='bbox 1238 471 1417 496; x_wconf 81' lang='lat' dir='ltr'>CXXXIX.</span> <span class='ocrx_word' id='word_1_25' title='bbox 1470 461 1637 496; x_wconf 88' lang='lat' dir='ltr'>Vincent.</span> <span class='ocrx_word' id='word_1_26' title='bbox 1666 461 1747 495; x_wconf 90' lang='lat' dir='ltr'>Bel-</span> 
     </span>
     <span class='ocr_line' id='line_1_4' title="bbox 347 519 1748 566; baseline -0.004 -7"><span class='ocrx_word' id='word_1_27' title='bbox 347 527 502 559; x_wconf 84' lang='lat' dir='ltr'>lovacen.</span> <span class='ocrx_word' id='word_1_28' title='bbox 530 523 590 557; x_wconf 91' lang='lat' dir='ltr'>lib.</span> <span class='ocrx_word' id='word_1_29' title='bbox 620 531 737 556; x_wconf 91' lang='lat' dir='ltr'>XXIV.</span> <span class='ocrx_word' id='word_1_30' title='bbox 770 521 908 566; x_wconf 89' lang='lat' dir='ltr'>Specul.</span> <span class='ocrx_word' id='word_1_31' title='bbox 942 520 1082 555; x_wconf 85' lang='lat' dir='ltr'>Histor.</span> <span class='ocrx_word' id='word_1_32' title='bbox 1114 531 1190 565; x_wconf 66' lang='lat' dir='ltr'>cap.</span> <span class='ocrx_word' id='word_1_33' title='bbox 1219 529 1324 554; x_wconf 87' lang='lat' dir='ltr'>XVII.</span> <span class='ocrx_word' id='word_1_34' title='bbox 1351 528 1473 554; x_wconf 88' lang='lat' dir='ltr'>XVIII.</span> <span class='ocrx_word' id='word_1_35' title='bbox 1503 528 1592 553; x_wconf 88' lang='lat' dir='ltr'>XIX.</span> <span class='ocrx_word' id='word_1_36' title='bbox 1645 519 1748 553; x_wconf 83' lang='lat' dir='ltr'><strong>Obiit</strong></span> 
     </span>
     <span class='ocr_line' id='line_1_5' title="bbox 346 577 1747 625; baseline -0.003 -10"><span class='ocrx_word' id='word_1_37' title='bbox 346 593 439 616; x_wconf 90' lang='lat' dir='ltr'>anno</span> <span class='ocrx_word' id='word_1_38' title='bbox 459 589 690 615; x_wconf 88' lang='lat' dir='ltr'>DCLXXXVI.</span> <span class='ocrx_word' id='word_1_39' title='bbox 710 591 793 614; x_wconf 89' lang='lat' dir='ltr'>nam</span> <span class='ocrx_word' id='word_1_40' title='bbox 812 579 904 613; x_wconf 88' lang='lat' dir='ltr'>sedit</span> <span class='ocrx_word' id='word_1_41' title='bbox 923 579 1109 624; x_wconf 86' lang='lat' dir='ltr'>episcopus</span> <span class='ocrx_word' id='word_1_42' title='bbox 1133 579 1170 612; x_wconf 90' lang='lat' dir='ltr'>in</span> <span class='ocrx_word' id='word_1_43' title='bbox 1195 589 1327 625; x_wconf 87' lang='lat' dir='ltr'>magna</span> <span class='ocrx_word' id='word_1_44' title='bbox 1353 578 1555 613; x_wconf 84' lang='lat' dir='ltr'>sanctitatis</span> <span class='ocrx_word' id='word_1_45' title='bbox 1581 577 1747 622; x_wconf 88' lang='lat' dir='ltr'>opinione</span> 
     </span>
    </p>
   </div>
   <div class='ocr_carea' id='block_1_3' title="bbox 346 640 580 673">
    <p class='ocr_par' dir='ltr' id='par_1_3' title="bbox 346 640 580 673">
     <span class='ocr_line' id='line_1_6' title="bbox 346 640 580 673; baseline -0.004 0"><span class='ocrx_word' id='word_1_46' title='bbox 346 640 447 673; x_wconf 86' lang='lat' dir='ltr'>annis</span> <span class='ocrx_word' id='word_1_47' title='bbox 467 647 580 672; x_wconf 89' lang='lat' dir='ltr'>LXVI.</span> 
     </span>
    </p>
   </div>
   <div class='ocr_carea' id='block_1_4' title="bbox 804 752 1285 789">
    <p class='ocr_par' dir='ltr' id='par_1_4' title="bbox 804 752 1285 789">
     <span class='ocr_line' id='line_1_7' title="bbox 804 752 1285 789; baseline -0.004 0"><span class='ocrx_word' id='word_1_48' title='bbox 804 754 840 789; x_wconf 87' lang='lat' dir='ltr'>S.</span> <span class='ocrx_word' id='word_1_49' title='bbox 871 753 1071 789; x_wconf 91' lang='lat' dir='ltr'><strong>FINNAN</strong></span> <span class='ocrx_word' id='word_1_50' title='bbox 1077 753 1147 788; x_wconf 90' lang='lat' dir='ltr'>US.</span> <span class='ocrx_word' id='word_1_51' title='bbox 1201 752 1285 788; x_wconf 90' lang='grc'><strong>506.</strong></span> 
     </span>
    </p>
   </div>
   <div class='ocr_carea' id='block_1_5' title="bbox 295 868 1747 2475">
    <p class='ocr_par' dir='ltr' id='par_1_5' title="bbox 295 868 1747 2475">
     <span class='ocr_line' id='line_1_8' title="bbox 345 868 1747 912; baseline -0.003 -6"><span class='ocrx_word' id='word_1_52' title='bbox 345 871 381 906; x_wconf 88' lang='lat' dir='ltr'>S.</span> <span class='ocrx_word' id='word_1_53' title='bbox 409 872 643 912; x_wconf 78' lang='lat' dir='ltr'>FINNANUS,</span> <span class='ocrx_word' id='word_1_54' title='bbox 670 872 746 906; x_wconf 88' lang='lat' dir='ltr'>sive</span> <span class='ocrx_word' id='word_1_55' title='bbox 772 871 965 910; x_wconf 84' lang='lat' dir='ltr'>Sinnanus,</span> <span class='ocrx_word' id='word_1_56' title='bbox 993 875 1056 905; x_wconf 88' lang='lat' dir='ltr'>aut</span> <span class='ocrx_word' id='word_1_57' title='bbox 1085 871 1193 904; x_wconf 88' lang='lat' dir='ltr'>etiam</span> <span class='ocrx_word' id='word_1_58' title='bbox 1222 868 1390 909; x_wconf 82' lang='lat' dir='ltr'>Sinanus,</span> <span class='ocrx_word' id='word_1_59' title='bbox 1422 872 1463 903; x_wconf 85' lang='lat' dir='ltr'>ut</span> <span class='ocrx_word' id='word_1_60' title='bbox 1493 868 1600 903; x_wconf 87' lang='lat' dir='ltr'>habet</span> <span class='ocrx_word' id='word_1_61' title='bbox 1630 868 1747 902; x_wconf 90' lang='lat' dir='ltr'>Anto-</span> 
     </span>
     <span class='ocr_line' id='line_1_9' title="bbox 345 926 1745 975; baseline -0.003 -12"><span class='ocrx_word' id='word_1_62' title='bbox 345 930 426 964; x_wconf 88' lang='lat' dir='ltr'>nius</span> <span class='ocrx_word' id='word_1_63' title='bbox 446 929 663 965; x_wconf 91' lang='lat' dir='ltr'>Possevinus</span> <span class='ocrx_word' id='word_1_64' title='bbox 687 929 864 974; x_wconf 88' lang='lat' dir='ltr'>Apparat.</span> <span class='ocrx_word' id='word_1_65' title='bbox 890 929 987 963; x_wconf 85' lang='lat' dir='ltr'>Sacr.</span> <span class='ocrx_word' id='word_1_66' title='bbox 1013 940 1096 975; x_wconf 87' lang='lat' dir='ltr'>pag.</span> <span class='ocrx_word' id='word_1_67' title='bbox 1116 936 1336 962; x_wconf 83' lang='lat' dir='ltr'>CCCCXLIV.</span> <span class='ocrx_word' id='word_1_68' title='bbox 1363 938 1407 961; x_wconf 87' lang='lat' dir='ltr'>ex</span> <span class='ocrx_word' id='word_1_69' title='bbox 1434 926 1658 961; x_wconf 87' lang='lat' dir='ltr'><strong>Demochare</strong></span> <span class='ocrx_word' id='word_1_70' title='bbox 1684 926 1745 960; x_wconf 88' lang='lat' dir='ltr'>lib.</span> 
     </span>
     <span class='ocr_line' id='line_1_10' title="bbox 344 984 1744 1031; baseline -0.002 -10"><span class='ocrx_word' id='word_1_71' title='bbox 344 988 387 1021; x_wconf 92' lang='lat' dir='ltr'>de</span> <span class='ocrx_word' id='word_1_72' title='bbox 413 987 592 1021; x_wconf 88' lang='lat' dir='ltr'>Sacrificio</span> <span class='ocrx_word' id='word_1_73' title='bbox 625 988 758 1022; x_wconf 89' lang='lat' dir='ltr'>Missae</span> <span class='ocrx_word' id='word_1_74' title='bbox 786 996 847 1021; x_wconf 89' lang='lat'>111.</span> <span class='ocrx_word' id='word_1_75' title='bbox 880 998 956 1031; x_wconf 89' lang='lat' dir='ltr'>cap.</span> <span class='ocrx_word' id='word_1_76' title='bbox 988 995 1056 1021; x_wconf 84' lang='lat' dir='ltr'>Xv.</span> <span class='ocrx_word' id='word_1_77' title='bbox 1084 991 1119 1020; x_wconf 92' lang='lat' dir='ltr'>et</span> <span class='ocrx_word' id='word_1_78' title='bbox 1146 997 1221 1030; x_wconf 91' lang='lat' dir='ltr'>cap.</span> <span class='ocrx_word' id='word_1_79' title='bbox 1246 994 1399 1019; x_wconf 87' lang='lat' dir='ltr'>XXXIX.</span> <span class='ocrx_word' id='word_1_80' title='bbox 1428 985 1648 1029; x_wconf 87' lang='lat' dir='ltr'>astipulante</span> <span class='ocrx_word' id='word_1_81' title='bbox 1674 984 1744 1018; x_wconf 91' lang='lat' dir='ltr'>Ar-</span> 
     </span>
     <span class='ocr_line' id='line_1_11' title="bbox 344 1042 1743 1089; baseline -0.003 -9"><span class='ocrx_word' id='word_1_82' title='bbox 344 1046 450 1080; x_wconf 92' lang='lat' dir='ltr'>noldo</span> <span class='ocrx_word' id='word_1_83' title='bbox 469 1045 622 1080; x_wconf 86' lang='lat' dir='ltr'>Uvione.</span> <span class='ocrx_word' id='word_1_84' title='bbox 665 1045 858 1080; x_wconf 82' lang='lat' dir='ltr'>Monastici</span> <span class='ocrx_word' id='word_1_85' title='bbox 877 1045 948 1080; x_wconf 88' lang='lat' dir='ltr'>fuit</span> <span class='ocrx_word' id='word_1_86' title='bbox 966 1045 1137 1085; x_wconf 86' lang='lat' dir='ltr'>instituti,</span> <span class='ocrx_word' id='word_1_87' title='bbox 1156 1044 1291 1078; x_wconf 87' lang='lat' dir='ltr'>Nennii</span> <span class='ocrx_word' id='word_1_88' title='bbox 1309 1044 1479 1088; x_wconf 89' lang='lat' dir='ltr'>primum,</span> <span class='ocrx_word' id='word_1_89' title='bbox 1498 1054 1583 1077; x_wconf 84' lang='lat' dir='ltr'>mox</span> <span class='ocrx_word' id='word_1_90' title='bbox 1601 1042 1743 1089; x_wconf 85' lang='lat' dir='ltr'>Segenii</span> 
     </span>
     <span class='ocr_line' id='line_1_12' title="bbox 343 1101 1745 1148; baseline -0.001 -11"><span class='ocrx_word' id='word_1_91' title='bbox 343 1104 482 1138; x_wconf 89' lang='lat' dir='ltr'>abbatis</span> <span class='ocrx_word' id='word_1_92' title='bbox 509 1104 728 1148; x_wconf 84' lang='lat' dir='ltr'>discipulus3</span> <span class='ocrx_word' id='word_1_93' title='bbox 765 1103 913 1138; x_wconf 88' lang='lat' dir='ltr'>Huense</span> <span class='ocrx_word' id='word_1_94' title='bbox 940 1103 1160 1143; x_wconf 89' lang='lat' dir='ltr'>coenobium,</span> <span class='ocrx_word' id='word_1_95' title='bbox 1192 1102 1288 1147; x_wconf 87' lang='lat' dir='ltr'>quod</span> <span class='ocrx_word' id='word_1_96' title='bbox 1319 1106 1427 1146; x_wconf 86' lang='lat' dir='ltr'>caput</span> <span class='ocrx_word' id='word_1_97' title='bbox 1452 1101 1614 1136; x_wconf 89' lang='lat' dir='ltr'>omnium</span> <span class='ocrx_word' id='word_1_98' title='bbox 1640 1101 1745 1135; x_wconf 88' lang='lat' dir='ltr'>habe-</span> 
     </span>
     <span class='ocr_line' id='line_1_13' title="bbox 344 1159 1743 1206; baseline -0.002 -10"><span class='ocrx_word' id='word_1_99' title='bbox 344 1162 460 1203; x_wconf 86' lang='lat' dir='ltr'>batur,</span> <span class='ocrx_word' id='word_1_100' title='bbox 486 1162 591 1203; x_wconf 86' lang='lat' dir='ltr'>rexit,</span> <span class='ocrx_word' id='word_1_101' title='bbox 617 1167 694 1196; x_wconf 89' lang='lat' dir='ltr'>tum</span> <span class='ocrx_word' id='word_1_102' title='bbox 720 1161 756 1196; x_wconf 90' lang='lat' dir='ltr'>S.</span> <span class='ocrx_word' id='word_1_103' title='bbox 781 1161 926 1196; x_wconf 88' lang='lat' dir='ltr'>Aidano</span> <span class='ocrx_word' id='word_1_104' title='bbox 950 1162 989 1195; x_wconf 94' lang='lat' dir='ltr'>in</span> <span class='ocrx_word' id='word_1_105' title='bbox 1015 1161 1222 1206; x_wconf 89' lang='lat' dir='ltr'>episcopatu</span> <span class='ocrx_word' id='word_1_106' title='bbox 1248 1159 1537 1199; x_wconf 85' lang='lat' dir='ltr'>Lindisfarnensi</span> <span class='ocrx_word' id='word_1_107' title='bbox 1563 1160 1743 1193; x_wconf 89' lang='lat' dir='ltr'>successit.</span> 
     </span>
     <span class='ocr_line' id='line_1_14' title="bbox 342 1218 1746 1266; baseline 0 -13"><span class='ocrx_word' id='word_1_108' title='bbox 342 1218 499 1254; x_wconf 89' lang='lat' dir='ltr'>Joannes</span> <span class='ocrx_word' id='word_1_109' title='bbox 527 1220 696 1254; x_wconf 87' lang='lat' dir='ltr'>Leslaeus</span> <span class='ocrx_word' id='word_1_110' title='bbox 727 1219 786 1253; x_wconf 89' lang='lat' dir='ltr'>lib.</span> <span class='ocrx_word' id='word_1_111' title='bbox 818 1228 871 1254; x_wconf 87' lang='lat' dir='ltr'>IV.</span> <span class='ocrx_word' id='word_1_112' title='bbox 903 1231 984 1266; x_wconf 85' lang='lat' dir='ltr'>pag.</span> <span class='ocrx_word' id='word_1_113' title='bbox 1017 1228 1111 1253; x_wconf 85' lang='lat' dir='ltr'>CLX.</span> <span class='ocrx_word' id='word_1_114' title='bbox 1176 1218 1234 1253; x_wconf 87' lang='lat' dir='ltr'>Ea</span> <span class='ocrx_word' id='word_1_115' title='bbox 1264 1222 1358 1253; x_wconf 87' lang='lat' dir='ltr'>certe</span> <span class='ocrx_word' id='word_1_116' title='bbox 1389 1222 1504 1253; x_wconf 89' lang='lat' dir='ltr'>aetate</span> <span class='ocrx_word' id='word_1_117' title='bbox 1539 1218 1695 1262; x_wconf 85' lang='lat' dir='ltr'>episcopi</span> <span class='ocrx_word' id='word_1_118' title='bbox 1726 1230 1746 1253; x_wconf 89' lang='lat' dir='ltr'>a</span> 
     </span>
     <span class='ocr_line' id='line_1_15' title="bbox 343 1277 1743 1324; baseline -0.001 -13"><span class='ocrx_word' id='word_1_119' title='bbox 343 1277 457 1311; x_wconf 89' lang='lat' dir='ltr'>Scotis</span> <span class='ocrx_word' id='word_1_120' title='bbox 487 1278 757 1318; x_wconf 86' lang='lat' dir='ltr'>ordinabantur,</span> <span class='ocrx_word' id='word_1_121' title='bbox 790 1289 830 1312; x_wconf 89' lang='lat' dir='ltr'>ac</span> <span class='ocrx_word' id='word_1_122' title='bbox 861 1278 898 1311; x_wconf 91' lang='lat' dir='ltr'>in</span> <span class='ocrx_word' id='word_1_123' title='bbox 929 1277 1102 1324; x_wconf 86' lang='lat' dir='ltr'>Angliam</span> <span class='ocrx_word' id='word_1_124' title='bbox 1134 1277 1297 1312; x_wconf 85' lang='lat' dir='ltr'>ecclesias</span> <span class='ocrx_word' id='word_1_125' title='bbox 1327 1277 1460 1311; x_wconf 87' lang='lat' dir='ltr'>recturi</span> <span class='ocrx_word' id='word_1_126' title='bbox 1496 1277 1743 1311; x_wconf 86' lang='lat' dir='ltr'>mittebantur.</span> 
     </span>
     <span class='ocr_line' id='line_1_16' title="bbox 342 1334 1744 1382; baseline 0.001 -14"><span class='ocrx_word' id='word_1_127' title='bbox 342 1335 454 1370; x_wconf 87' lang='lat' dir='ltr'>Docet</span> <span class='ocrx_word' id='word_1_128' title='bbox 482 1341 605 1369; x_wconf 84' lang='lat' dir='ltr'>auctor</span> <span class='ocrx_word' id='word_1_129' title='bbox 631 1335 808 1381; x_wconf 88' lang='lat' dir='ltr'>Anglicus</span> <span class='ocrx_word' id='word_1_130' title='bbox 836 1335 1041 1370; x_wconf 87' lang='lat' dir='ltr'>Florentius</span> <span class='ocrx_word' id='word_1_131' title='bbox 1068 1335 1359 1382; x_wconf 85' lang='lat' dir='ltr'>Wigorniensis:</span> <span class='ocrx_word' id='word_1_132' title='bbox 1387 1339 1408 1355; x_wconf 86' lang='lat'><strong>“</strong></span> <span class='ocrx_word' id='word_1_133' title='bbox 1427 1334 1514 1369; x_wconf 85' lang='lat' dir='ltr'>Post</span> <span class='ocrx_word' id='word_1_134' title='bbox 1533 1336 1744 1370; x_wconf 85' lang='lat' dir='ltr'>occisionem</span> 
     </span>
     <span class='ocr_line' id='line_1_17' title="bbox 342 1391 1744 1439; baseline 0 -12"><span class='ocrx_word' id='word_1_135' title='bbox 342 1394 436 1439; x_wconf 88' lang='lat' dir='ltr'>regis</span> <span class='ocrx_word' id='word_1_136' title='bbox 463 1394 603 1433; x_wconf 89' lang='lat' dir='ltr'>Osvini,</span> <span class='ocrx_word' id='word_1_137' title='bbox 635 1393 800 1427; x_wconf 87' lang='lat' dir='ltr'>Aidanus</span> <span class='ocrx_word' id='word_1_138' title='bbox 833 1393 981 1427; x_wconf 84' lang='lat' dir='ltr'>antistes</span> <span class='ocrx_word' id='word_1_139' title='bbox 1019 1402 1062 1427; x_wconf 89' lang='lat' dir='ltr'>II.</span> <span class='ocrx_word' id='word_1_140' title='bbox 1099 1394 1234 1428; x_wconf 91' lang='lat' dir='ltr'>calend.</span> <span class='ocrx_word' id='word_1_141' title='bbox 1273 1391 1452 1438; x_wconf 88' lang='lat' dir='ltr'>Septemb.</span> <span class='ocrx_word' id='word_1_142' title='bbox 1491 1394 1536 1427; x_wconf 91' lang='lat' dir='ltr'>ad</span> <span class='ocrx_word' id='word_1_143' title='bbox 1566 1394 1744 1428; x_wconf 90' lang='lat' dir='ltr'>coelorum</span> 
     </span>
     <span class='ocr_line' id='line_1_18' title="bbox 342 1450 1743 1498; baseline 0 -13"><span class='ocrx_word' id='word_1_144' title='bbox 342 1463 453 1498; x_wconf 84' lang='lat' dir='ltr'>regna</span> <span class='ocrx_word' id='word_1_145' title='bbox 470 1451 652 1497; x_wconf 86' lang='lat' dir='ltr'>migravit,</span> <span class='ocrx_word' id='word_1_146' title='bbox 679 1451 781 1496; x_wconf 91' lang='lat' dir='ltr'>cujus</span> <span class='ocrx_word' id='word_1_147' title='bbox 807 1451 964 1485; x_wconf 87' lang='lat' dir='ltr'>animam</span> <span class='ocrx_word' id='word_1_148' title='bbox 990 1462 1080 1495; x_wconf 90' lang='lat' dir='ltr'>puer</span> <span class='ocrx_word' id='word_1_149' title='bbox 1106 1451 1218 1486; x_wconf 90' lang='lat' dir='ltr'>bonae</span> <span class='ocrx_word' id='word_1_150' title='bbox 1244 1451 1374 1485; x_wconf 89' lang='lat' dir='ltr'>indolis</span> <span class='ocrx_word' id='word_1_151' title='bbox 1402 1450 1624 1485; x_wconf 83' lang='lat' dir='ltr'>Cuthbertus</span> <span class='ocrx_word' id='word_1_152' title='bbox 1651 1452 1743 1485; x_wconf 85' lang='lat' dir='ltr'>vidit</span> 
     </span>
     <span class='ocr_line' id='line_1_19' title="bbox 343 1500 1742 1556; baseline 0 -13"><span class='ocrx_word' id='word_1_153' title='bbox 343 1510 379 1543; x_wconf 89' lang='lat' dir='ltr'>in</span> <span class='ocrx_word' id='word_1_154' title='bbox 405 1511 539 1543; x_wconf 88' lang='lat' dir='ltr'>coelum</span> <span class='ocrx_word' id='word_1_155' title='bbox 567 1509 652 1543; x_wconf 89' lang='lat' dir='ltr'>ferri</span> <span class='ocrx_word' id='word_1_156' title='bbox 680 1509 725 1543; x_wconf 90' lang='lat' dir='ltr'>ab</span> <span class='ocrx_word' id='word_1_157' title='bbox 751 1510 898 1555; x_wconf 86' lang='lat' dir='ltr'>angelis,</span> <span class='ocrx_word' id='word_1_158' title='bbox 927 1521 998 1554; x_wconf 92' lang='lat' dir='ltr'>quo</span> <span class='ocrx_word' id='word_1_159' title='bbox 1025 1500 1195 1544; x_wconf 81' lang='lat' dir='ltr'>defuncto</span> <span class='ocrx_word' id='word_1_160' title='bbox 1222 1509 1384 1543; x_wconf 90' lang='lat' dir='ltr'>Finanus</span> <span class='ocrx_word' id='word_1_161' title='bbox 1410 1520 1476 1554; x_wconf 92' lang='lat' dir='ltr'>pro</span> <span class='ocrx_word' id='word_1_162' title='bbox 1501 1510 1563 1543; x_wconf 92' lang='lat' dir='ltr'>illo</span> <span class='ocrx_word' id='word_1_163' title='bbox 1589 1510 1742 1556; x_wconf 88' lang='lat' dir='ltr'>gradum</span> 
     </span>
     <span class='ocr_line' id='line_1_20' title="bbox 340 1567 1744 1612; baseline 0.001 -11"><span class='ocrx_word' id='word_1_164' title='bbox 340 1568 575 1612; x_wconf 83' lang='lat' dir='ltr'>episcopatus,</span> <span class='ocrx_word' id='word_1_165' title='bbox 602 1579 623 1601; x_wconf 88' lang='lat' dir='ltr'>a</span> <span class='ocrx_word' id='word_1_166' title='bbox 645 1567 760 1601; x_wconf 88' lang='lat' dir='ltr'>Scotis</span> <span class='ocrx_word' id='word_1_167' title='bbox 784 1568 971 1602; x_wconf 86' lang='lat' dir='ltr'>ordinatus</span> <span class='ocrx_word' id='word_1_168' title='bbox 997 1580 1037 1602; x_wconf 91' lang='lat' dir='ltr'>ac</span> <span class='ocrx_word' id='word_1_169' title='bbox 1060 1569 1204 1608; x_wconf 90' lang='lat' dir='ltr'>missus,</span> <span class='ocrx_word' id='word_1_170' title='bbox 1230 1568 1400 1612; x_wconf 87' lang='lat' dir='ltr'>accepit.&#39;’</span> <span class='ocrx_word' id='word_1_171' title='bbox 1453 1567 1591 1602; x_wconf 83' lang='lat' dir='ltr'>Eadem</span> <span class='ocrx_word' id='word_1_172' title='bbox 1618 1568 1744 1603; x_wconf 88' lang='lat' dir='ltr'>verba-</span> 
     </span>
     <span class='ocr_line' id='line_1_21' title="bbox 341 1625 1743 1671; baseline 0.001 -12"><span class='ocrx_word' id='word_1_173' title='bbox 341 1626 407 1660; x_wconf 88' lang='lat' dir='ltr'>tim</span> <span class='ocrx_word' id='word_1_174' title='bbox 426 1631 509 1659; x_wconf 90' lang='lat' dir='ltr'>ante</span> <span class='ocrx_word' id='word_1_175' title='bbox 526 1626 628 1659; x_wconf 87' lang='lat' dir='ltr'>illum</span> <span class='ocrx_word' id='word_1_176' title='bbox 655 1625 766 1666; x_wconf 88' lang='lat' dir='ltr'>Beda,</span> <span class='ocrx_word' id='word_1_177' title='bbox 793 1626 856 1671; x_wconf 82' lang='lat' dir='ltr'>qui</span> <span class='ocrx_word' id='word_1_178' title='bbox 882 1626 1030 1671; x_wconf 85' lang='lat' dir='ltr'>insuper</span> <span class='ocrx_word' id='word_1_179' title='bbox 1056 1627 1168 1667; x_wconf 87' lang='lat' dir='ltr'>addit,</span> <span class='ocrx_word' id='word_1_180' title='bbox 1198 1631 1219 1646; x_wconf 77' lang='lat'>‘⁶</span> <span class='ocrx_word' id='word_1_181' title='bbox 1238 1626 1283 1661; x_wconf 90' lang='lat' dir='ltr'>In</span> <span class='ocrx_word' id='word_1_182' title='bbox 1310 1626 1429 1660; x_wconf 90' lang='lat' dir='ltr'>insula</span> <span class='ocrx_word' id='word_1_183' title='bbox 1454 1626 1743 1660; x_wconf 86' lang='lat' dir='ltr'>Lindisfarnensi</span> 
     </span>
     <span class='ocr_line' id='line_1_22' title="bbox 342 1683 1743 1731; baseline 0.002 -15"><span class='ocrx_word' id='word_1_184' title='bbox 342 1683 424 1717; x_wconf 90' lang='lat' dir='ltr'>fecit</span> <span class='ocrx_word' id='word_1_185' title='bbox 451 1683 632 1717; x_wconf 82' lang='lat' dir='ltr'>ecelesiam</span> <span class='ocrx_word' id='word_1_186' title='bbox 661 1684 851 1728; x_wconf 86' lang='lat' dir='ltr'>episcopali</span> <span class='ocrx_word' id='word_1_187' title='bbox 878 1684 952 1717; x_wconf 90' lang='lat' dir='ltr'>sedi</span> <span class='ocrx_word' id='word_1_188' title='bbox 980 1695 1186 1731; x_wconf 87' lang='lat' dir='ltr'>congruam,</span> <span class='ocrx_word' id='word_1_189' title='bbox 1213 1695 1323 1729; x_wconf 90' lang='lat' dir='ltr'>quam</span> <span class='ocrx_word' id='word_1_190' title='bbox 1349 1688 1471 1718; x_wconf 88' lang='lat' dir='ltr'>tamen</span> <span class='ocrx_word' id='word_1_191' title='bbox 1496 1695 1595 1718; x_wconf 86' lang='lat' dir='ltr'>more</span> <span class='ocrx_word' id='word_1_192' title='bbox 1621 1683 1743 1720; x_wconf 87' lang='lat' dir='ltr'>Scoto-</span> 
     </span>
     <span class='ocr_line' id='line_1_23' title="bbox 339 1742 1742 1787; baseline 0.001 -12"><span class='ocrx_word' id='word_1_193' title='bbox 339 1753 432 1782; x_wconf 87' lang='lat' dir='ltr'>rum,</span> <span class='ocrx_word' id='word_1_194' title='bbox 450 1753 523 1775; x_wconf 87' lang='lat' dir='ltr'>non</span> <span class='ocrx_word' id='word_1_195' title='bbox 541 1742 584 1775; x_wconf 90' lang='lat' dir='ltr'>de</span> <span class='ocrx_word' id='word_1_196' title='bbox 602 1742 729 1786; x_wconf 90' lang='lat' dir='ltr'>lapide,</span> <span class='ocrx_word' id='word_1_197' title='bbox 748 1742 810 1776; x_wconf 88' lang='lat' dir='ltr'>sed</span> <span class='ocrx_word' id='word_1_198' title='bbox 828 1742 871 1776; x_wconf 88' lang='lat' dir='ltr'>de</span> <span class='ocrx_word' id='word_1_199' title='bbox 889 1742 1015 1776; x_wconf 88' lang='lat' dir='ltr'>robore</span> <span class='ocrx_word' id='word_1_200' title='bbox 1033 1746 1128 1776; x_wconf 88' lang='lat' dir='ltr'>secto</span> <span class='ocrx_word' id='word_1_201' title='bbox 1147 1746 1261 1776; x_wconf 87' lang='lat' dir='ltr'>totam</span> <span class='ocrx_word' id='word_1_202' title='bbox 1279 1742 1490 1787; x_wconf 89' lang='lat' dir='ltr'>composuit,</span> <span class='ocrx_word' id='word_1_203' title='bbox 1508 1747 1617 1787; x_wconf 90' lang='lat' dir='ltr'>atque</span> <span class='ocrx_word' id='word_1_204' title='bbox 1635 1754 1742 1777; x_wconf 90' lang='lat' dir='ltr'>arun-</span> 
     </span>
     <span class='ocr_line' id='line_1_24' title="bbox 340 1800 1741 1847; baseline 0.002 -13"><span class='ocrx_word' id='word_1_205' title='bbox 340 1801 422 1834; x_wconf 89' lang='lat' dir='ltr'>dine</span> <span class='ocrx_word' id='word_1_206' title='bbox 455 1800 556 1840; x_wconf 88' lang='lat' dir='ltr'>texit,</span> <span class='ocrx_word' id='word_1_207' title='bbox 583 1811 690 1845; x_wconf 87' lang='lat' dir='ltr'>quam</span> <span class='ocrx_word' id='word_1_208' title='bbox 722 1804 882 1845; x_wconf 86' lang='lat' dir='ltr'>tempore</span> <span class='ocrx_word' id='word_1_209' title='bbox 908 1801 1071 1845; x_wconf 85' lang='lat' dir='ltr'>sequenti</span> <span class='ocrx_word' id='word_1_210' title='bbox 1102 1800 1421 1834; x_wconf 89' lang='lat' dir='ltr'>reverendissimus</span> <span class='ocrx_word' id='word_1_211' title='bbox 1453 1800 1741 1847; x_wconf 84' lang='lat' dir='ltr'>archiepiscopus</span> 
     </span>
     <span class='ocr_line' id='line_1_25' title="bbox 339 1858 1742 1903; baseline 0.001 -11"><span class='ocrx_word' id='word_1_212' title='bbox 339 1859 377 1893; x_wconf 90' lang='lat' dir='ltr'>in</span> <span class='ocrx_word' id='word_1_213' title='bbox 395 1858 566 1892; x_wconf 89' lang='lat' dir='ltr'>honorem</span> <span class='ocrx_word' id='word_1_214' title='bbox 585 1858 629 1892; x_wconf 91' lang='lat' dir='ltr'>B.</span> <span class='ocrx_word' id='word_1_215' title='bbox 650 1858 749 1893; x_wconf 83' lang='lat' dir='ltr'>Petri</span> <span class='ocrx_word' id='word_1_216' title='bbox 768 1859 921 1903; x_wconf 88' lang='lat' dir='ltr'>apostoli</span> <span class='ocrx_word' id='word_1_217' title='bbox 939 1858 1140 1893; x_wconf 85' lang='lat' dir='ltr'>dedicavit:</span> <span class='ocrx_word' id='word_1_218' title='bbox 1159 1859 1217 1892; x_wconf 87' lang='lat' dir='ltr'>sed</span> <span class='ocrx_word' id='word_1_219' title='bbox 1238 1859 1425 1903; x_wconf 90' lang='lat' dir='ltr'>episcopus</span> <span class='ocrx_word' id='word_1_220' title='bbox 1444 1858 1512 1893; x_wconf 90' lang='lat' dir='ltr'>loci</span> <span class='ocrx_word' id='word_1_221' title='bbox 1530 1859 1627 1894; x_wconf 91' lang='lat' dir='ltr'>illius</span> <span class='ocrx_word' id='word_1_222' title='bbox 1645 1859 1742 1894; x_wconf 88' lang='lat' dir='ltr'>Ead-</span> 
     </span>
     <span class='ocr_line' id='line_1_26' title="bbox 295 1907 1741 1961; baseline 0.001 -10"><span class='ocrx_word' id='word_1_223' title='bbox 295 1907 298 1911; x_wconf 52' lang='grc'><strong><em>’</em></strong></span> <span class='ocrx_word' id='word_1_224' title='bbox 341 1917 473 1956; x_wconf 91' lang='lat' dir='ltr'>bertus,</span> <span class='ocrx_word' id='word_1_225' title='bbox 493 1917 611 1951; x_wconf 85' lang='lat' dir='ltr'>ablata</span> <span class='ocrx_word' id='word_1_226' title='bbox 628 1917 815 1957; x_wconf 89' lang='lat' dir='ltr'>arundine,</span> <span class='ocrx_word' id='word_1_227' title='bbox 830 1917 967 1961; x_wconf 92' lang='lat' dir='ltr'>plumbi</span> <span class='ocrx_word' id='word_1_228' title='bbox 987 1917 1130 1951; x_wconf 89' lang='lat' dir='ltr'>laminis</span> <span class='ocrx_word' id='word_1_229' title='bbox 1149 1927 1226 1950; x_wconf 92' lang='lat' dir='ltr'>eam</span> <span class='ocrx_word' id='word_1_230' title='bbox 1245 1921 1370 1957; x_wconf 88' lang='lat' dir='ltr'>totam,</span> <span class='ocrx_word' id='word_1_231' title='bbox 1390 1916 1456 1951; x_wconf 92' lang='lat' dir='ltr'>hoc</span> <span class='ocrx_word' id='word_1_232' title='bbox 1475 1921 1540 1958; x_wconf 89' lang='lat' dir='ltr'>est,</span> <span class='ocrx_word' id='word_1_233' title='bbox 1557 1921 1689 1951; x_wconf 90' lang='lat' dir='ltr'>tectum</span> <span class='ocrx_word' id='word_1_234' title='bbox 1705 1923 1741 1953; x_wconf 89' lang='lat' dir='ltr'>et</span> 
     </span>
     <span class='ocr_line' id='line_1_27' title="bbox 338 1974 1741 2021; baseline 0.001 -12"><span class='ocrx_word' id='word_1_235' title='bbox 338 1976 434 2019; x_wconf 89' lang='lat' dir='ltr'>ipsos</span> <span class='ocrx_word' id='word_1_236' title='bbox 456 1986 598 2020; x_wconf 84' lang='lat' dir='ltr'>quoque</span> <span class='ocrx_word' id='word_1_237' title='bbox 624 1975 777 2019; x_wconf 79' lang='lat' dir='ltr'>parietes</span> <span class='ocrx_word' id='word_1_238' title='bbox 804 1975 892 2021; x_wconf 88' lang='lat' dir='ltr'>ejus,</span> <span class='ocrx_word' id='word_1_239' title='bbox 920 1975 1093 2020; x_wconf 90' lang='lat' dir='ltr'>cooperiri</span> <span class='ocrx_word' id='word_1_240' title='bbox 1120 1975 1293 2009; x_wconf 89' lang='lat' dir='ltr'>curavit.”</span> <span class='ocrx_word' id='word_1_241' title='bbox 1345 1974 1451 2009; x_wconf 90' lang='lat' dir='ltr'>Acris</span> <span class='ocrx_word' id='word_1_242' title='bbox 1479 1975 1511 2009; x_wconf 88' lang='lat' dir='ltr'>ei</span> <span class='ocrx_word' id='word_1_243' title='bbox 1537 1980 1572 2010; x_wconf 91' lang='lat' dir='ltr'>et</span> <span class='ocrx_word' id='word_1_244' title='bbox 1599 1976 1741 2011; x_wconf 85' lang='lat' dir='ltr'>diutina</span> 
     </span>
     <span class='ocr_line' id='line_1_28' title="bbox 340 2032 1739 2078; baseline 0.001 -11"><span class='ocrx_word' id='word_1_245' title='bbox 340 2034 520 2067; x_wconf 83' lang='lat' dir='ltr'>contentio</span> <span class='ocrx_word' id='word_1_246' title='bbox 546 2044 627 2067; x_wconf 85' lang='lat' dir='ltr'>cum</span> <span class='ocrx_word' id='word_1_247' title='bbox 654 2034 821 2078; x_wconf 86' lang='lat' dir='ltr'>quodam,</span> <span class='ocrx_word' id='word_1_248' title='bbox 849 2033 1014 2067; x_wconf 87' lang='lat' dir='ltr'>Romano</span> <span class='ocrx_word' id='word_1_249' title='bbox 1044 2033 1199 2073; x_wconf 89' lang='lat' dir='ltr'>nomine,</span> <span class='ocrx_word' id='word_1_250' title='bbox 1230 2034 1273 2067; x_wconf 90' lang='lat' dir='ltr'>de</span> <span class='ocrx_word' id='word_1_251' title='bbox 1304 2045 1376 2078; x_wconf 92' lang='lat' dir='ltr'>quo</span> <span class='ocrx_word' id='word_1_252' title='bbox 1406 2032 1501 2067; x_wconf 86' lang='lat' dir='ltr'>infra</span> <span class='ocrx_word' id='word_1_253' title='bbox 1528 2033 1595 2067; x_wconf 90' lang='lat' dir='ltr'>hoc</span> <span class='ocrx_word' id='word_1_254' title='bbox 1622 2046 1739 2078; x_wconf 88' lang='lat' dir='ltr'>opere.</span> 
     </span>
     <span class='ocr_line' id='line_1_29' title="bbox 340 2091 1739 2138; baseline 0.001 -13"><span class='ocrx_word' id='word_1_255' title='bbox 340 2091 571 2125; x_wconf 76' lang='lat' dir='ltr'>sanctissima</span> <span class='ocrx_word' id='word_1_256' title='bbox 597 2092 710 2136; x_wconf 89' lang='lat' dir='ltr'>ipsius</span> <span class='ocrx_word' id='word_1_257' title='bbox 741 2092 784 2125; x_wconf 92' lang='lat' dir='ltr'>ad</span> <span class='ocrx_word' id='word_1_258' title='bbox 816 2091 845 2125; x_wconf 84' lang='lat' dir='ltr'><strong>F</strong></span> <span class='ocrx_word' id='word_1_259' title='bbox 848 2091 1092 2136; x_wconf 85' lang='lat' dir='ltr'>erquhardum</span> <span class='ocrx_word' id='word_1_260' title='bbox 1120 2103 1239 2138; x_wconf 87' lang='lat' dir='ltr'>regem</span> <span class='ocrx_word' id='word_1_261' title='bbox 1268 2092 1406 2126; x_wconf 88' lang='lat' dir='ltr'>monita</span> <span class='ocrx_word' id='word_1_262' title='bbox 1432 2091 1540 2126; x_wconf 88' lang='lat' dir='ltr'>habes</span> <span class='ocrx_word' id='word_1_263' title='bbox 1566 2093 1662 2136; x_wconf 88' lang='lat' dir='ltr'>apud</span> <span class='ocrx_word' id='word_1_264' title='bbox 1690 2093 1739 2127; x_wconf 87' lang='lat' dir='ltr'>H.</span> 
     </span>
     <span class='ocr_line' id='line_1_30' title="bbox 340 2148 1741 2196; baseline 0.002 -14"><span class='ocrx_word' id='word_1_265' title='bbox 340 2148 532 2183; x_wconf 88' lang='lat' dir='ltr'>Boethium</span> <span class='ocrx_word' id='word_1_266' title='bbox 559 2150 619 2183; x_wconf 88' lang='lat' dir='ltr'>lib.</span> <span class='ocrx_word' id='word_1_267' title='bbox 641 2159 697 2183; x_wconf 88' lang='lat' dir='ltr'>IX.</span> <span class='ocrx_word' id='word_1_268' title='bbox 726 2149 865 2184; x_wconf 88' lang='lat' dir='ltr'>Histor.</span> <span class='ocrx_word' id='word_1_269' title='bbox 894 2149 988 2183; x_wconf 86' lang='lat' dir='ltr'>Scot.</span> <span class='ocrx_word' id='word_1_270' title='bbox 1016 2161 1097 2196; x_wconf 84' lang='lat' dir='ltr'>pag.</span> <span class='ocrx_word' id='word_1_271' title='bbox 1124 2158 1314 2184; x_wconf 80' lang='lat' dir='ltr'>CLXXVII.</span> <span class='ocrx_word' id='word_1_272' title='bbox 1369 2149 1549 2184; x_wconf 88' lang='lat' dir='ltr'>Henricus</span> <span class='ocrx_word' id='word_1_273' title='bbox 1578 2150 1741 2186; x_wconf 89' lang='lat' dir='ltr'>Huntin·</span> 
     </span>
     <span class='ocr_line' id='line_1_31' title="bbox 340 2207 1740 2255; baseline 0.001 -14"><span class='ocrx_word' id='word_1_274' title='bbox 340 2207 518 2241; x_wconf 88' lang='lat' dir='ltr'>doniensis</span> <span class='ocrx_word' id='word_1_275' title='bbox 542 2208 602 2242; x_wconf 90' lang='lat' dir='ltr'>lib.</span> <span class='ocrx_word' id='word_1_276' title='bbox 624 2217 684 2242; x_wconf 92' lang='lat'>111.</span> <span class='ocrx_word' id='word_1_277' title='bbox 709 2220 790 2254; x_wconf 86' lang='lat' dir='ltr'>pag.</span> <span class='ocrx_word' id='word_1_278' title='bbox 810 2216 919 2242; x_wconf 87' lang='lat' dir='ltr'>CXCI.</span> <span class='ocrx_word' id='word_1_279' title='bbox 972 2207 1161 2253; x_wconf 87' lang='lat' dir='ltr'>Reliquiae</span> <span class='ocrx_word' id='word_1_280' title='bbox 1187 2208 1301 2252; x_wconf 88' lang='lat' dir='ltr'>ipsius</span> <span class='ocrx_word' id='word_1_281' title='bbox 1328 2213 1364 2242; x_wconf 88' lang='lat' dir='ltr'>et</span> <span class='ocrx_word' id='word_1_282' title='bbox 1390 2208 1583 2243; x_wconf 88' lang='lat' dir='ltr'>memoriae</span> <span class='ocrx_word' id='word_1_283' title='bbox 1608 2220 1740 2255; x_wconf 85' lang='lat' dir='ltr'>magna</span> 
     </span>
     <span class='ocr_line' id='line_1_32' title="bbox 340 2265 1739 2311; baseline 0.002 -13"><span class='ocrx_word' id='word_1_284' title='bbox 340 2265 551 2299; x_wconf 88' lang='lat' dir='ltr'>solennitate</span> <span class='ocrx_word' id='word_1_285' title='bbox 568 2265 901 2310; x_wconf 84' lang='lat' dir='ltr'>frequentabantur,</span> <span class='ocrx_word' id='word_1_286' title='bbox 919 2266 1130 2311; x_wconf 84' lang='lat' dir='ltr'>priusquam</span> <span class='ocrx_word' id='word_1_287' title='bbox 1153 2266 1332 2300; x_wconf 88' lang='lat' dir='ltr'>haeretica</span> <span class='ocrx_word' id='word_1_288' title='bbox 1357 2266 1473 2301; x_wconf 86' lang='lat' dir='ltr'>rabies</span> <span class='ocrx_word' id='word_1_289' title='bbox 1498 2271 1643 2311; x_wconf 87' lang='lat' dir='ltr'>patrum</span> <span class='ocrx_word' id='word_1_290' title='bbox 1668 2279 1739 2302; x_wconf 86' lang='lat' dir='ltr'>me-</span> 
     </span>
     <span class='ocr_line' id='line_1_33' title="bbox 341 2322 1737 2371; baseline 0.003 -16"><span class='ocrx_word' id='word_1_291' title='bbox 341 2323 454 2356; x_wconf 87' lang='lat' dir='ltr'>moria</span> <span class='ocrx_word' id='word_1_292' title='bbox 472 2322 713 2357; x_wconf 86' lang='lat' dir='ltr'>Christianam</span> <span class='ocrx_word' id='word_1_293' title='bbox 733 2325 902 2368; x_wconf 87' lang='lat' dir='ltr'>pietatem</span> <span class='ocrx_word' id='word_1_294' title='bbox 925 2336 943 2358; x_wconf 92' lang='lat' dir='ltr'>e</span> <span class='ocrx_word' id='word_1_295' title='bbox 967 2336 1078 2370; x_wconf 88' lang='lat' dir='ltr'>regno</span> <span class='ocrx_word' id='word_1_296' title='bbox 1100 2325 1163 2358; x_wconf 91' lang='lat' dir='ltr'>illo</span> <span class='ocrx_word' id='word_1_297' title='bbox 1186 2325 1416 2359; x_wconf 88' lang='lat' dir='ltr'>eliminasset.</span> <span class='ocrx_word' id='word_1_298' title='bbox 1470 2324 1592 2371; x_wconf 90' lang='lat' dir='ltr'>Hujus</span> <span class='ocrx_word' id='word_1_299' title='bbox 1618 2330 1737 2359; x_wconf 88' lang='lat' dir='ltr'>tamen</span> 
     </span>
     <span class='ocr_line' id='line_1_34' title="bbox 340 2380 1323 2427; baseline 0.004 -14"><span class='ocrx_word' id='word_1_300' title='bbox 340 2381 438 2414; x_wconf 85' lang='lat' dir='ltr'>nulla</span> <span class='ocrx_word' id='word_1_301' title='bbox 456 2381 493 2414; x_wconf 93' lang='lat' dir='ltr'>in</span> <span class='ocrx_word' id='word_1_302' title='bbox 512 2380 773 2427; x_wconf 87' lang='lat' dir='ltr'>Martyrologio</span> <span class='ocrx_word' id='word_1_303' title='bbox 791 2382 957 2416; x_wconf 88' lang='lat' dir='ltr'>Romano</span> <span class='ocrx_word' id='word_1_304' title='bbox 974 2383 1119 2417; x_wconf 88' lang='lat' dir='ltr'>mentio.</span> <span class='ocrx_word' id='word_1_305' title='bbox 1172 2381 1323 2427; x_wconf 86' lang='lat' dir='ltr'>Scripsit</span> 
     </span>
     <span class='ocr_line' id='line_1_35' title="bbox 490 2439 1388 2475; baseline 0.001 -2"><span class='ocrx_word' id='word_1_306' title='bbox 490 2439 562 2473; x_wconf 89' lang='lat' dir='ltr'>Pro</span> <span class='ocrx_word' id='word_1_307' title='bbox 580 2440 691 2474; x_wconf 89' lang='lat' dir='ltr'>veteri</span> <span class='ocrx_word' id='word_1_308' title='bbox 711 2439 895 2474; x_wconf 85' lang='lat' dir='ltr'>Paschatis</span> <span class='ocrx_word' id='word_1_309' title='bbox 914 2439 1005 2475; x_wconf 86' lang='lat' dir='ltr'>Ritu</span> <span class='ocrx_word' id='word_1_310' title='bbox 1281 2440 1341 2475; x_wconf 89' lang='lat' dir='ltr'>lib.</span> <span class='ocrx_word' id='word_1_311' title='bbox 1364 2449 1388 2474; x_wconf 93' lang='lat'>1.</span> 
     </span>
    </p>
   </div>
  </div>
 </body>
</html>
