2032 2912
733 342 962 375 HISTORIA
988 340 1372 373 ECCLESIASTICA.
1679 340 1740 373 129

349 438 618 477 venerebantur,
641 436 743 482 cujus
767 436 931 470 Sedulius
949 440 1054 480 poeta
1070 436 1285 470 mentionem
1309 434 1396 469 facit
1417 434 1455 469 in
1481 433 1643 468 paschali
1667 444 1738 467 me-

349 496 438 530 trico
456 495 622 534 carmine,
640 494 692 528 ita
709 494 839 533 dicens,

646 558 720 585 Cum
735 566 786 585 sua
800 556 924 594 gentiles
937 556 1074 585 studeant
1088 555 1225 593 figmenta
1239 561 1341 594 poetae

647 603 836 632 Grandisonis
848 613 983 641 pompare
997 602 1115 635 modis‚'¹
1130 603 1182 630 &c-

398 671 602 704 Matthaeus
620 668 1012 702 westmonasteriensis
1030 668 1069 701 in
1087 666 1184 701 Flor.
1209 666 1403 701 Historiar.
1427 678 1520 701 anno
1539 676 1737 701 DCCLVHI.

349 733 370 747 ‘⁶
389 728 497 761 Hunc
515 726 642 760 Getam
661 726 797 759 dudum
823 725 960 771 Pagani
980 724 1252 764 venerabantur,
1276 724 1378 769 cujus
1396 723 1561 758 Sedulius
1579 731 1684 768 poeta
1701 724 1746 757 ine

348 784 511 819 Paschali
525 783 680 817 carmine
694 783 910 816 mentionem
925 781 1056 815 faciens
1071 782 1123 815 ita
1135 792 1282 815 exorsus
1296 785 1350 814 est
1363 781 1393 821 ;’'
1408 786 1443 815 et
1457 781 1608 815 eundem
1621 782 1738 815 locum

348 841 486 886 repetit.
541 840 741 875 venantius
768 839 1001 879 Fortunatus,
1025 838 1211 883 presbyter
1237 837 1362 877 Italus,
1389 842 1425 871 et
1449 837 1638 871 Pictonum
1666 837 1738 882 epi-

347 910 486 943 scopus,
500 909 582 933 eum
595 897 662 931 sibi
674 897 894 941 sequendum
909 896 1087 941 proponit,
1105 895 1175 929 nisi
1193 895 1289 940 quod
1306 895 1349 928 de
1367 895 1586 939 assequenda
1603 895 1738 941 ingenii

347 956 424 1001 ejus
442 960 477 990 et
495 966 605 989 venae
622 954 784 989 ubertate
802 954 963 998 desperet
978 963 987 993 ;
1012 953 1064 987 ita
1081 953 1176 986 enim
1194 952 1255 986 lib.
1275 961 1365 986 V111.
1384 963 1483 986 num.
1504 961 1529 986 1.

647 1026 734 1061 Quod
747 1031 828 1055 tonat
842 1025 1022 1058 Ambrosius,
1039 1024 1237 1063 Hieronymus
1251 1029 1339 1062 atque
1352 1028 1490 1057 coruscat,

686 1073 755 1101 Sive
770 1073 955 1111 Augustinus
968 1072 1048 1100 fonte
1063 1071 1172 1100 fluente
1186 1071 1271 1109 rigat,

647 1119 786 1148 Sedulius
801 1119 902 1153 dulcis,
916 1118 994 1158 quod
1008 1117 1129 1147 Orosius
1142 1117 1204 1147 edit
1218 1122 1330 1147 acutus.

347 1187 397 1221 Et
415 1187 458 1220 de
476 1185 563 1220 Vita
581 1184 617 1219 S.
638 1185 787 1220 Martini
805 1185 843 1219 in
860 1184 1056 1229 principio:

646 1270 726 1298 Hinc
739 1280 852 1309 quoque
866 1270 1011 1308 conspicui
1024 1269 1148 1298 radiavit
1161 1269 1262 1307 lingua
1276 1269 1386 1298 Seduli.

396 1350 539 1390 Omnia,
574 1349 838 1394 quantumlibet
873 1349 1064 1394 praeclara,
1099 1349 1257 1382 encomia
1289 1353 1435 1392 superat
1465 1348 1596 1383 Gelasii
1628 1360 1739 1394 papae

342 1408 519 1454 Judicium
537 1406 574 1439 in
592 1406 744 1441 Decreto
761 1406 925 1441 Gratiani
943 1406 1099 1440 distinct.
1120 1414 1189 1440 XV.
1209 1417 1285 1450 cap.
1305 1414 1366 1439 111.
1391 1410 1412 1425 ‘⁶
1430 1405 1653 1440 Venerabilis
1671 1406 1739 1439 viri

345 1464 481 1499 Sedulii
500 1463 670 1498 Paschale
687 1474 788 1508 opus,
812 1464 908 1508 quod
935 1462 1085 1497 heroicis
1111 1462 1252 1507 scripsit
1276 1462 1448 1503 versibus,
1474 1462 1608 1508 insigni
1636 1463 1740 1496 laude

347 1520 591 1566 proferimus.’'
635 1519 706 1555 Est
719 1525 755 1555 et
765 1525 862 1555 tomo
874 1529 912 1554 v.
925 1519 1098 1554 Biblioth.
1114 1518 1176 1554 SS.
1189 1519 1340 1554 Pati-um
1354 1518 1491 1555 Liberii
1505 1524 1628 1565 poetae
1642 1531 1738 1554 acro-

345 1578 520 1614 stichum:

628 1682 649 1711 S
680 1682 796 1711 edulius
814 1681 934 1710 Domini
947 1691 1000 1720 per
1013 1680 1092 1710 culta
1106 1680 1219 1709 novalia
1232 1690 1340 1719 pergen

629 1729 655 1757 E
681 1740 700 1757 n
715 1729 775 1757 loca
787 1728 936 1767 conspexit
949 1728 1042 1756 multo
1055 1728 1197 1756 radiantia
1210 1727 1262 1756 flor

628 1776 656 1803 D
683 1776 798 1804 iscurrit
811 1785 862 1814 per
875 1780 958 1814 prata.
970 1775 1073 1808 libens,
1088 1785 1145 1813 quo
1157 1775 1287 1813 gramine
1301 1774 1378 1804 Davi

632 1823 659 1850 V
680 1822 736 1851 idit
749 1822 847 1850 divino
859 1821 1056 1850 modulantem
1070 1821 1196 1850 carmina
1210 1826 1277 1850 cant

628 1869 654 1898 L
683 1869 789 1898 audate
802 1868 944 1907 psallente
958 1869 1019 1897 viro
1032 1868 1129 1897 refluit
1142 1868 1267 1897 citharae
1281 1878 1328 1897 me

632 1916 646 1945 Ι
684 1916 724 1945 lle
738 1916 787 1945 ubi
802 1916 966 1954 grandisoni
981 1921 1082 1954 captus
1096 1915 1248 1944 dulcedine
1263 1915 1356 1954 plecti·

629 1963 657 1992 U
682 1964 766 1998 titur,
780 1968 810 1992 et
828 1962 913 1992 celeri
927 1963 1058 2001 graditur
1071 1973 1123 2002 per
1136 1962 1197 1991 lilia
1210 1972 1276 2001 pass

628 2010 648 2039 S
682 2015 847 2048 aeratasque
861 2010 967 2039 iterum
982 2010 1041 2039 late
1054 2010 1201 2049 prospexit
1215 2019 1332 2039 amoeno

629 2058 658 2086 A
683 2062 783 2086 eterna
799 2057 907 2086 Christi
920 2057 1022 2086 fluvios
1035 2067 1104 2095 quos
1118 2056 1210 2085 abluit
1224 2056 1285 2085 und

628 2105 660 2133 N
681 2114 713 2133 ec
726 2114 826 2143 passus
840 2109 952 2143 torpere
967 2104 1017 2133 diu
1032 2104 1154 2132 doctoris
1167 2114 1268 2132 acume

628 2151 654 2180 T
683 2161 740 2180 unc
754 2162 806 2180 sua
819 2151 959 2180 Davidico
973 2151 1088 2180 delectu
1101 2151 1211 2190 plectra
1224 2151 1338 2189 poposci

630 2198 643 2226 I
687 2199 759 2227 rrita
772 2198 877 2237 polluti
891 2199 1064 2237 contempsit
1077 2198 1197 2227 numina
1210 2197 1301 2226 mund

629 2245 649 2274 S
688 2246 755 2284 igna
769 2246 861 2274 crucis
874 2246 962 2274 fronti
976 2246 1067 2285 ponit,
1081 2246 1264 2284 breviterque
1278 2245 1425 2284 triumpho
1456 2245 1476 2274 S

629 2292 656 2320 T
687 2293 777 2331 angit,
792 2293 916 2326 Christe,
930 2297 1007 2327 tuos,
1021 2302 1228 2331 numerosaque
1241 2292 1349 2331 praelia
1362 2292 1421 2321 liba
1450 2292 1476 2321 T

627 2339 652 2367 E
684 2350 734 2378 rgo
748 2340 792 2369 his
806 2339 875 2368 dum
889 2339 966 2368 vario
980 2339 1094 2368 decorat
1107 2350 1159 2368 sua
1172 2349 1239 2368 rura
1252 2339 1327 2369 color
1450 2339 1475 2367 E

629 2386 649 2414 S
683 2387 787 2416 tabunt
801 2387 830 2416 hi
845 2386 945 2425 gracili
959 2386 1040 2416 ducti
1053 2386 1199 2416 testudine
1213 2396 1299 2416 versu
1447 2386 1475 2415 S.

1038 2445 1056 2470 S

1450 1681 1487 2226 *t-Jz>mc:‘-·t-⁴c:vfflw
