<?xml version="1.0" encoding="UTF-8"?>
<!DOCTYPE html PUBLIC "-//W3C//DTD XHTML 1.0 Transitional//EN"
    "http://www.w3.org/TR/xhtml1/DTD/xhtml1-transitional.dtd">
<html xmlns="http://www.w3.org/1999/xhtml" xml:lang="en" lang="en">
 <head>
  <title>
</title>
<meta http-equiv="Content-Type" content="text/html;charset=utf-8" />
  <meta name='ocr-system' content='tesseract 3.04.00' />
  <meta name='ocr-capabilities' content='ocr_page ocr_carea ocr_par ocr_line ocrx_word'/>
</head>
<body>
  <div class='ocr_page' id='page_1' title='image "./thomaedempste2101dempuoft_0250.png"; bbox 0 0 2032 2912; ppageno 0'>
   <div class='ocr_carea' id='block_1_1' title="bbox 309 302 1329 339">
    <p class='ocr_par' dir='ltr' id='par_1_1' title="bbox 309 302 1329 339">
     <span class='ocr_line' id='line_1_1' title="bbox 309 302 1329 339; baseline -0.005 0"><span class='ocrx_word' id='word_1_1' title='bbox 309 310 369 339; x_wconf 89' lang='lat'><strong>188</strong></span> <span class='ocrx_word' id='word_1_2' title='bbox 696 303 928 336; x_wconf 86' lang='lat' dir='ltr'>HISTORIA</span> <span class='ocrx_word' id='word_1_3' title='bbox 953 302 1329 335; x_wconf 88' lang='lat' dir='ltr'><strong>ECCLESIASTICA</strong></span> 
     </span>
    </p>
   </div>
   <div class='ocr_carea' id='block_1_2' title="bbox 304 398 1706 2536">
    <p class='ocr_par' dir='ltr' id='par_1_2' title="bbox 304 398 1706 1490">
     <span class='ocr_line' id='line_1_2' title="bbox 309 398 1704 445; baseline -0.003 -8"><span class='ocrx_word' id='word_1_4' title='bbox 309 409 349 437; x_wconf 88' lang='lat' dir='ltr'><strong>ut</strong></span> <span class='ocrx_word' id='word_1_5' title='bbox 368 408 443 437; x_wconf 89' lang='lat' dir='ltr'><strong>erat</strong></span> <span class='ocrx_word' id='word_1_6' title='bbox 461 400 576 435; x_wconf 89' lang='lat' dir='ltr'><strong>vivaci</strong></span> <span class='ocrx_word' id='word_1_7' title='bbox 596 399 750 445; x_wconf 88' lang='lat' dir='ltr'><strong>ingenio,</strong></span> <span class='ocrx_word' id='word_1_8' title='bbox 775 399 942 433; x_wconf 89' lang='lat' dir='ltr'><strong>militiam</strong></span> <span class='ocrx_word' id='word_1_9' title='bbox 968 398 1168 433; x_wconf 86' lang='lat' dir='ltr'>adolescens</span> <span class='ocrx_word' id='word_1_10' title='bbox 1193 402 1335 432; x_wconf 92' lang='lat' dir='ltr'><strong>secutus</strong></span> <span class='ocrx_word' id='word_1_11' title='bbox 1362 398 1598 444; x_wconf 87' lang='lat' dir='ltr'><strong>peregrinam,</strong></span> <span class='ocrx_word' id='word_1_12' title='bbox 1626 400 1704 445; x_wconf 87' lang='lat' dir='ltr'><strong>ejus</strong></span> 
     </span>
     <span class='ocr_line' id='line_1_3' title="bbox 308 456 1703 501; baseline -0.004 -6"><span class='ocrx_word' id='word_1_13' title='bbox 308 462 415 495; x_wconf 87' lang='lat' dir='ltr'><strong>etiam</strong></span> <span class='ocrx_word' id='word_1_14' title='bbox 441 459 540 493; x_wconf 92' lang='lat' dir='ltr'><strong>brevi</strong></span> <span class='ocrx_word' id='word_1_15' title='bbox 566 457 779 492; x_wconf 85' lang='lat' dir='ltr'><strong>conditionis</strong></span> <span class='ocrx_word' id='word_1_16' title='bbox 807 461 1001 501; x_wconf 88' lang='lat' dir='ltr'><strong>pertaesus,</strong></span> <span class='ocrx_word' id='word_1_17' title='bbox 1025 457 1064 490; x_wconf 91' lang='lat' dir='ltr'><strong>in</strong></span> <span class='ocrx_word' id='word_1_18' title='bbox 1091 456 1245 497; x_wconf 84' lang='lat' dir='ltr'><strong>Italiam,</strong></span> <span class='ocrx_word' id='word_1_19' title='bbox 1272 457 1458 491; x_wconf 89' lang='lat' dir='ltr'><strong>literarum</strong></span> <span class='ocrx_word' id='word_1_20' title='bbox 1484 457 1703 491; x_wconf 87' lang='lat' dir='ltr'>domicilium</span> 
     </span>
     <span class='ocr_line' id='line_1_4' title="bbox 309 513 1704 558; baseline -0.003 -6"><span class='ocrx_word' id='word_1_21' title='bbox 309 524 343 552; x_wconf 83' lang='lat' dir='ltr'><strong>et</strong></span> <span class='ocrx_word' id='word_1_22' title='bbox 369 516 604 552; x_wconf 84' lang='lat' dir='ltr'><strong>humanitatis</strong></span> <span class='ocrx_word' id='word_1_23' title='bbox 632 515 838 553; x_wconf 87' lang='lat' dir='ltr'><strong>sacrarium,</strong></span> <span class='ocrx_word' id='word_1_24' title='bbox 867 515 1061 555; x_wconf 85' lang='lat' dir='ltr'><strong>concessit3</strong></span> <span class='ocrx_word' id='word_1_25' title='bbox 1092 514 1155 547; x_wconf 92' lang='lat' dir='ltr'><strong>ubi</strong></span> <span class='ocrx_word' id='word_1_26' title='bbox 1182 513 1309 547; x_wconf 89' lang='lat' dir='ltr'><strong>Genua</strong></span> <span class='ocrx_word' id='word_1_27' title='bbox 1334 514 1468 554; x_wconf 88' lang='lat' dir='ltr'><strong>relicta,</strong></span> <span class='ocrx_word' id='word_1_28' title='bbox 1497 525 1568 558; x_wconf 89' lang='lat' dir='ltr'><strong>qua</strong></span> <span class='ocrx_word' id='word_1_29' title='bbox 1594 515 1704 549; x_wconf 89' lang='lat' dir='ltr'><strong>hono--</strong></span> 
     </span>
     <span class='ocr_line' id='line_1_5' title="bbox 307 571 1703 618; baseline -0.002 -9"><span class='ocrx_word' id='word_1_30' title='bbox 307 576 401 610; x_wconf 87' lang='lat' dir='ltr'><strong>rario</strong></span> <span class='ocrx_word' id='word_1_31' title='bbox 436 574 522 608; x_wconf 84' lang='lat' dir='ltr'><strong>satis</strong></span> <span class='ocrx_word' id='word_1_32' title='bbox 557 574 675 618; x_wconf 87' lang='lat' dir='ltr'><strong>amplo</strong></span> <span class='ocrx_word' id='word_1_33' title='bbox 710 573 886 607; x_wconf 85' lang='lat' dir='ltr'><strong>invitatus</strong></span> <span class='ocrx_word' id='word_1_34' title='bbox 921 572 1050 612; x_wconf 87' lang='lat' dir='ltr'><strong>fuerat,</strong></span> <span class='ocrx_word' id='word_1_35' title='bbox 1085 571 1255 607; x_wconf 87' lang='lat' dir='ltr'><strong>Venetias</strong></span> <span class='ocrx_word' id='word_1_36' title='bbox 1289 572 1389 612; x_wconf 89' lang='lat' dir='ltr'><strong>abiit,</strong></span> <span class='ocrx_word' id='word_1_37' title='bbox 1426 584 1536 617; x_wconf 91' lang='lat' dir='ltr'><strong>eaque</strong></span> <span class='ocrx_word' id='word_1_38' title='bbox 1568 573 1703 618; x_wconf 87' lang='lat' dir='ltr'><strong>ingenii</strong></span> 
     </span>
     <span class='ocr_line' id='line_1_6' title="bbox 307 630 1705 676; baseline -0.001 -9"><span class='ocrx_word' id='word_1_39' title='bbox 307 634 373 673; x_wconf 87' lang='lat' dir='ltr'><strong>sui,</strong></span> <span class='ocrx_word' id='word_1_40' title='bbox 410 638 446 667; x_wconf 90' lang='lat' dir='ltr'><strong>et</strong></span> <span class='ocrx_word' id='word_1_41' title='bbox 487 632 531 666; x_wconf 89' lang='lat' dir='ltr'><strong>ad</strong></span> <span class='ocrx_word' id='word_1_42' title='bbox 559 635 767 676; x_wconf 86' lang='lat' dir='ltr'><strong>portentum</strong></span> <span class='ocrx_word' id='word_1_43' title='bbox 805 631 1002 676; x_wconf 87' lang='lat' dir='ltr'><strong>stupendae</strong></span> <span class='ocrx_word' id='word_1_44' title='bbox 1035 630 1237 671; x_wconf 83' lang='lat' dir='ltr'><strong>memoriae,</strong></span> <span class='ocrx_word' id='word_1_45' title='bbox 1276 630 1475 664; x_wconf 86' lang='lat' dir='ltr'><strong>incredibili</strong></span> <span class='ocrx_word' id='word_1_46' title='bbox 1513 642 1552 665; x_wconf 91' lang='lat' dir='ltr'><strong>ea</strong></span> <span class='ocrx_word' id='word_1_47' title='bbox 1590 635 1705 665; x_wconf 82' lang='lat' dir='ltr'><strong>aetate</strong></span> 
     </span>
     <span class='ocr_line' id='line_1_7' title="bbox 306 688 1705 736; baseline -0.001 -12"><span class='ocrx_word' id='word_1_48' title='bbox 306 691 454 725; x_wconf 91' lang='lat' dir='ltr'><strong>lectione</strong></span> <span class='ocrx_word' id='word_1_49' title='bbox 487 695 522 724; x_wconf 91' lang='lat' dir='ltr'><strong>et</strong></span> <span class='ocrx_word' id='word_1_50' title='bbox 553 690 702 736; x_wconf 89' lang='lat' dir='ltr'><strong>judicio,</strong></span> <span class='ocrx_word' id='word_1_51' title='bbox 739 693 972 724; x_wconf 88' lang='lat' dir='ltr'><strong>monumenta</strong></span> <span class='ocrx_word' id='word_1_52' title='bbox 1002 688 1124 728; x_wconf 89' lang='lat' dir='ltr'><strong>edidit,</strong></span> <span class='ocrx_word' id='word_1_53' title='bbox 1153 692 1195 721; x_wconf 93' lang='lat' dir='ltr'><strong>ut</strong></span> <span class='ocrx_word' id='word_1_54' title='bbox 1223 689 1333 734; x_wconf 89' lang='lat' dir='ltr'><strong>vulgo</strong></span> <span class='ocrx_word' id='word_1_55' title='bbox 1362 688 1575 722; x_wconf 86' lang='lat' dir='ltr'><strong>miraculum</strong></span> <span class='ocrx_word' id='word_1_56' title='bbox 1610 689 1705 723; x_wconf 87' lang='lat' dir='ltr'><strong>orbis</strong></span> 
     </span>
     <span class='ocr_line' id='line_1_8' title="bbox 306 745 1705 792; baseline -0.003 -9"><span class='ocrx_word' id='word_1_57' title='bbox 306 754 342 783; x_wconf 86' lang='lat' dir='ltr'><strong>et</strong></span> <span class='ocrx_word' id='word_1_58' title='bbox 371 749 548 783; x_wconf 83' lang='lat' dir='ltr'><strong>diceretur</strong></span> <span class='ocrx_word' id='word_1_59' title='bbox 580 754 616 782; x_wconf 90' lang='lat' dir='ltr'><strong>et</strong></span> <span class='ocrx_word' id='word_1_60' title='bbox 646 752 749 782; x_wconf 88' lang='lat' dir='ltr'><strong>esset.</strong></span> <span class='ocrx_word' id='word_1_61' title='bbox 801 747 923 792; x_wconf 88' lang='lat' dir='ltr'><strong>Atque</strong></span> <span class='ocrx_word' id='word_1_62' title='bbox 949 747 1188 781; x_wconf 84' lang='lat' dir='ltr'><strong>crebrescente</strong></span> <span class='ocrx_word' id='word_1_63' title='bbox 1219 747 1374 780; x_wconf 89' lang='lat' dir='ltr'><strong>secunda</strong></span> <span class='ocrx_word' id='word_1_64' title='bbox 1404 746 1466 779; x_wconf 86' lang='lat' dir='ltr'><strong>illa</strong></span> <span class='ocrx_word' id='word_1_65' title='bbox 1496 745 1594 780; x_wconf 87' lang='lat' dir='ltr'><strong>fama</strong></span> <span class='ocrx_word' id='word_1_66' title='bbox 1623 747 1705 780; x_wconf 91' lang='lat' dir='ltr'><strong>inde</strong></span> 
     </span>
     <span class='ocr_line' id='line_1_9' title="bbox 307 804 1706 851; baseline -0.003 -10"><span class='ocrx_word' id='word_1_67' title='bbox 307 812 485 847; x_wconf 89' lang='lat' dir='ltr'><strong>evocatus,</strong></span> <span class='ocrx_word' id='word_1_68' title='bbox 512 806 685 851; x_wconf 89' lang='lat' dir='ltr'><strong>principis</strong></span> <span class='ocrx_word' id='word_1_69' title='bbox 712 806 904 840; x_wconf 89' lang='lat' dir='ltr'><strong>Mantuani</strong></span> <span class='ocrx_word' id='word_1_70' title='bbox 931 804 1118 850; x_wconf 84' lang='lat' dir='ltr'><strong>juventuti</strong></span> <span class='ocrx_word' id='word_1_71' title='bbox 1149 804 1385 848; x_wconf 86' lang='lat' dir='ltr'><strong>praepositus,</strong></span> <span class='ocrx_word' id='word_1_72' title='bbox 1419 804 1463 838; x_wconf 88' lang='lat' dir='ltr'><strong>ab</strong></span> <span class='ocrx_word' id='word_1_73' title='bbox 1489 805 1612 838; x_wconf 90' lang='lat' dir='ltr'><strong>eodem</strong></span> <span class='ocrx_word' id='word_1_74' title='bbox 1644 815 1706 838; x_wconf 93' lang='lat' dir='ltr'><strong>no-</strong></span> 
     </span>
     <span class='ocr_line' id='line_1_10' title="bbox 307 861 1705 910; baseline -0.002 -12"><span class='ocrx_word' id='word_1_75' title='bbox 307 872 366 899; x_wconf 90' lang='lat' dir='ltr'><strong>ctu</strong></span> <span class='ocrx_word' id='word_1_76' title='bbox 397 865 616 905; x_wconf 87' lang='lat' dir='ltr'><strong>interfectus,</strong></span> <span class='ocrx_word' id='word_1_77' title='bbox 653 864 756 910; x_wconf 87' lang='lat' dir='ltr'><strong>gravi</strong></span> <span class='ocrx_word' id='word_1_78' title='bbox 787 863 886 897; x_wconf 91' lang='lat' dir='ltr'><strong>ducis</strong></span> <span class='ocrx_word' id='word_1_79' title='bbox 916 863 1029 908; x_wconf 88' lang='lat' dir='ltr'><strong>patris</strong></span> <span class='ocrx_word' id='word_1_80' title='bbox 1060 862 1191 902; x_wconf 91' lang='lat' dir='ltr'><strong>dolore,</strong></span> <span class='ocrx_word' id='word_1_81' title='bbox 1221 872 1285 895; x_wconf 89' lang='lat' dir='ltr'><strong>nec</strong></span> <span class='ocrx_word' id='word_1_82' title='bbox 1315 861 1453 895; x_wconf 91' lang='lat' dir='ltr'><strong>minore</strong></span> <span class='ocrx_word' id='word_1_83' title='bbox 1487 862 1705 907; x_wconf 89' lang='lat' dir='ltr'><strong>indignatio-</strong></span> 
     </span>
     <span class='ocr_line' id='line_1_11' title="bbox 306 918 1704 965; baseline -0.004 -7"><span class='ocrx_word' id='word_1_84' title='bbox 306 935 361 964; x_wconf 90' lang='lat' dir='ltr'><strong>ne,</strong></span> <span class='ocrx_word' id='word_1_85' title='bbox 388 934 528 958; x_wconf 90' lang='lat' dir='ltr'><strong>summo</strong></span> <span class='ocrx_word' id='word_1_86' title='bbox 552 934 637 956; x_wconf 91' lang='lat' dir='ltr'><strong>vero</strong></span> <span class='ocrx_word' id='word_1_87' title='bbox 659 922 726 962; x_wconf 93' lang='lat' dir='ltr'><strong>sui,</strong></span> <span class='ocrx_word' id='word_1_88' title='bbox 754 925 789 955; x_wconf 92' lang='lat' dir='ltr'><strong>et</strong></span> <span class='ocrx_word' id='word_1_89' title='bbox 812 922 907 965; x_wconf 91' lang='lat' dir='ltr'><strong>apud</strong></span> <span class='ocrx_word' id='word_1_90' title='bbox 930 922 1025 955; x_wconf 89' lang='lat' dir='ltr'><strong>cives</strong></span> <span class='ocrx_word' id='word_1_91' title='bbox 1048 931 1142 959; x_wconf 80' lang='lat' dir='ltr'><strong>suOS,</strong></span> <span class='ocrx_word' id='word_1_92' title='bbox 1169 924 1204 953; x_wconf 91' lang='lat' dir='ltr'><strong>et</strong></span> <span class='ocrx_word' id='word_1_93' title='bbox 1231 918 1342 953; x_wconf 85' lang='lat' dir='ltr'><strong>Italos</strong></span> <span class='ocrx_word' id='word_1_94' title='bbox 1368 920 1495 953; x_wconf 85' lang='lat' dir='ltr'><strong>saltem</strong></span> <span class='ocrx_word' id='word_1_95' title='bbox 1521 920 1704 964; x_wconf 88' lang='lat' dir='ltr'><strong>aequiores</strong></span> 
     </span>
     <span class='ocr_line' id='line_1_12' title="bbox 307 976 1704 1022; baseline -0.004 -7"><span class='ocrx_word' id='word_1_96' title='bbox 307 981 485 1015; x_wconf 88' lang='lat' dir='ltr'><strong>virtutum</strong></span> <span class='ocrx_word' id='word_1_97' title='bbox 512 981 771 1019; x_wconf 84' lang='lat' dir='ltr'><strong>aestimatores,</strong></span> <span class='ocrx_word' id='word_1_98' title='bbox 798 979 972 1012; x_wconf 88' lang='lat' dir='ltr'><strong>desiderio</strong></span> <span class='ocrx_word' id='word_1_99' title='bbox 998 979 1131 1012; x_wconf 87' lang='lat' dir='ltr'><strong>relicto.</strong></span> <span class='ocrx_word' id='word_1_100' title='bbox 1184 976 1331 1011; x_wconf 88' lang='lat' dir='ltr'><strong>Amicos</strong></span> <span class='ocrx_word' id='word_1_101' title='bbox 1351 977 1478 1011; x_wconf 87' lang='lat' dir='ltr'><strong>habuit</strong></span> <span class='ocrx_word' id='word_1_102' title='bbox 1496 978 1704 1022; x_wconf 89' lang='lat' dir='ltr'><strong>praecipuos</strong></span> 
     </span>
     <span class='ocr_line' id='line_1_13' title="bbox 306 1034 1703 1080; baseline -0.003 -7"><span class='ocrx_word' id='word_1_103' title='bbox 306 1038 543 1073; x_wconf 86' lang='lat' dir='ltr'><strong>Laurentium</strong></span> <span class='ocrx_word' id='word_1_104' title='bbox 569 1038 742 1078; x_wconf 88' lang='lat' dir='ltr'><strong>Massam,</strong></span> <span class='ocrx_word' id='word_1_105' title='bbox 774 1036 1000 1071; x_wconf 85' lang='lat' dir='ltr'><strong>scriniarium</strong></span> <span class='ocrx_word' id='word_1_106' title='bbox 1030 1036 1221 1075; x_wconf 84' lang='lat' dir='ltr'><strong>venetum,</strong></span> <span class='ocrx_word' id='word_1_107' title='bbox 1254 1035 1447 1079; x_wconf 88' lang='lat' dir='ltr'><strong>Speronem</strong></span> <span class='ocrx_word' id='word_1_108' title='bbox 1478 1034 1703 1080; x_wconf 86' lang='lat' dir='ltr'><strong>Speronium,</strong></span> 
     </span>
     <span class='ocr_line' id='line_1_14' title="bbox 305 1093 1704 1143; baseline -0.002 -13"><span class='ocrx_word' id='word_1_109' title='bbox 305 1097 367 1141; x_wconf 92' lang='lat' dir='ltr'><strong>qui</strong></span> <span class='ocrx_word' id='word_1_110' title='bbox 398 1097 539 1143; x_wconf 85' lang='lat' dir='ltr'><strong>egregie</strong></span> <span class='ocrx_word' id='word_1_111' title='bbox 568 1107 650 1130; x_wconf 91' lang='lat' dir='ltr'><strong>eum</strong></span> <span class='ocrx_word' id='word_1_112' title='bbox 686 1095 725 1129; x_wconf 91' lang='lat' dir='ltr'><strong>in</strong></span> <span class='ocrx_word' id='word_1_113' title='bbox 755 1095 914 1140; x_wconf 88' lang='lat' dir='ltr'><strong>epistolis</strong></span> <span class='ocrx_word' id='word_1_114' title='bbox 948 1095 1172 1129; x_wconf 82' lang='lat' dir='ltr'><strong>commendat</strong></span> <span class='ocrx_word' id='word_1_115' title='bbox 1202 1094 1247 1127; x_wconf 90' lang='lat' dir='ltr'><strong>ad</strong></span> <span class='ocrx_word' id='word_1_116' title='bbox 1271 1105 1353 1127; x_wconf 90' lang='lat' dir='ltr'><strong>eum</strong></span> <span class='ocrx_word' id='word_1_117' title='bbox 1382 1094 1535 1138; x_wconf 88' lang='lat' dir='ltr'><strong>scriptis,</strong></span> <span class='ocrx_word' id='word_1_118' title='bbox 1568 1093 1704 1127; x_wconf 89' lang='lat' dir='ltr'><strong>Aldum</strong></span> 
     </span>
     <span class='ocr_line' id='line_1_15' title="bbox 305 1152 1703 1199; baseline -0.002 -11"><span class='ocrx_word' id='word_1_119' title='bbox 305 1154 523 1194; x_wconf 72' lang='lat' dir='ltr'><strong>Manufium,</strong></span> <span class='ocrx_word' id='word_1_120' title='bbox 554 1154 617 1199; x_wconf 93' lang='lat' dir='ltr'><strong>qui</strong></span> <span class='ocrx_word' id='word_1_121' title='bbox 649 1154 863 1188; x_wconf 81' lang='lat' dir='ltr'><strong>Paradoxon</strong></span> <span class='ocrx_word' id='word_1_122' title='bbox 893 1153 1200 1187; x_wconf 88' lang='lat' dir='ltr'><strong>Commentarium</strong></span> <span class='ocrx_word' id='word_1_123' title='bbox 1235 1152 1287 1186; x_wconf 93' lang='lat' dir='ltr'><strong>illi</strong></span> <span class='ocrx_word' id='word_1_124' title='bbox 1323 1152 1545 1197; x_wconf 89' lang='lat' dir='ltr'><strong>inscripsisse</strong></span> <span class='ocrx_word' id='word_1_125' title='bbox 1580 1152 1703 1198; x_wconf 89' lang='lat' dir='ltr'><strong>digna-</strong></span> 
     </span>
     <span class='ocr_line' id='line_1_16' title="bbox 305 1210 1704 1258; baseline -0.001 -12"><span class='ocrx_word' id='word_1_126' title='bbox 305 1218 373 1247; x_wconf 92' lang='lat' dir='ltr'><strong>tus.</strong></span> <span class='ocrx_word' id='word_1_127' title='bbox 426 1212 486 1246; x_wconf 92' lang='lat' dir='ltr'><strong>Ab</strong></span> <span class='ocrx_word' id='word_1_128' title='bbox 511 1213 616 1246; x_wconf 93' lang='lat' dir='ltr'><strong>unico</strong></span> <span class='ocrx_word' id='word_1_129' title='bbox 643 1211 802 1258; x_wconf 84' lang='lat' dir='ltr'><strong>Trajano</strong></span> <span class='ocrx_word' id='word_1_130' title='bbox 829 1211 1032 1246; x_wconf 87' lang='lat' dir='ltr'><strong>Boccalinio</strong></span> <span class='ocrx_word' id='word_1_131' title='bbox 1058 1210 1394 1245; x_wconf 89' lang='lat' dir='ltr'><strong>maledicentissimo</strong></span> <span class='ocrx_word' id='word_1_132' title='bbox 1419 1212 1511 1244; x_wconf 89' lang='lat' dir='ltr'><strong>male</strong></span> <span class='ocrx_word' id='word_1_133' title='bbox 1537 1215 1704 1255; x_wconf 86' lang='lat' dir='ltr'><strong>exceptus</strong></span> 
     </span>
     <span class='ocr_line' id='line_1_17' title="bbox 304 1269 1704 1310; baseline -0.001 -5"><span class='ocrx_word' id='word_1_134' title='bbox 304 1276 367 1310; x_wconf 87' lang='lat' dir='ltr'><strong>est,</strong></span> <span class='ocrx_word' id='word_1_135' title='bbox 399 1271 459 1305; x_wconf 90' lang='lat' dir='ltr'><strong>sed</strong></span> <span class='ocrx_word' id='word_1_136' title='bbox 489 1282 570 1305; x_wconf 91' lang='lat' dir='ltr'><strong>cum</strong></span> <span class='ocrx_word' id='word_1_137' title='bbox 600 1271 638 1304; x_wconf 91' lang='lat' dir='ltr'><strong>in</strong></span> <span class='ocrx_word' id='word_1_138' title='bbox 668 1282 709 1304; x_wconf 93' lang='lat' dir='ltr'><strong>eo</strong></span> <span class='ocrx_word' id='word_1_139' title='bbox 737 1270 881 1304; x_wconf 90' lang='lat' dir='ltr'><strong>homine</strong></span> <span class='ocrx_word' id='word_1_140' title='bbox 911 1270 1069 1304; x_wconf 88' lang='lat' dir='ltr'><strong>scurrilis</strong></span> <span class='ocrx_word' id='word_1_141' title='bbox 1096 1269 1262 1303; x_wconf 81' lang='lat' dir='ltr'><strong>dicacitas</strong></span> <span class='ocrx_word' id='word_1_142' title='bbox 1291 1269 1367 1303; x_wconf 89' lang='lat' dir='ltr'><strong>sine</strong></span> <span class='ocrx_word' id='word_1_143' title='bbox 1393 1270 1467 1303; x_wconf 87' lang='lat' dir='ltr'><strong>ulla</strong></span> <span class='ocrx_word' id='word_1_144' title='bbox 1493 1269 1704 1304; x_wconf 88' lang='lat' dir='ltr'><strong>eruditionis</strong></span> 
     </span>
     <span class='ocr_line' id='line_1_18' title="bbox 305 1326 1702 1371; baseline -0.001 -9"><span class='ocrx_word' id='word_1_145' title='bbox 305 1330 463 1363; x_wconf 87' lang='lat' dir='ltr'><strong>mixtura</strong></span> <span class='ocrx_word' id='word_1_146' title='bbox 493 1330 551 1368; x_wconf 89' lang='lat' dir='ltr'><strong>sit,</strong></span> <span class='ocrx_word' id='word_1_147' title='bbox 579 1328 707 1363; x_wconf 91' lang='lat' dir='ltr'><strong>honori</strong></span> <span class='ocrx_word' id='word_1_148' title='bbox 739 1329 807 1363; x_wconf 90' lang='lat' dir='ltr'><strong>erit</strong></span> <span class='ocrx_word' id='word_1_149' title='bbox 835 1328 1042 1362; x_wconf 88' lang='lat' dir='ltr'><strong>Crichtonio</strong></span> <span class='ocrx_word' id='word_1_150' title='bbox 1070 1332 1193 1362; x_wconf 90' lang='lat' dir='ltr'><strong>nostro</strong></span> <span class='ocrx_word' id='word_1_151' title='bbox 1222 1339 1243 1361; x_wconf 88' lang='lat' dir='ltr'><strong>a</strong></span> <span class='ocrx_word' id='word_1_152' title='bbox 1270 1332 1345 1361; x_wconf 85' lang='lat' dir='ltr'><strong>tam</strong></span> <span class='ocrx_word' id='word_1_153' title='bbox 1372 1327 1538 1371; x_wconf 88' lang='lat' dir='ltr'><strong>imperito</strong></span> <span class='ocrx_word' id='word_1_154' title='bbox 1564 1326 1702 1361; x_wconf 89' lang='lat' dir='ltr'><strong>violari.</strong></span> 
     </span>
     <span class='ocr_line' id='line_1_19' title="bbox 305 1384 1703 1432; baseline 0 -13"><span class='ocrx_word' id='word_1_155' title='bbox 305 1386 373 1419; x_wconf 88' lang='lat' dir='ltr'><strong>Sed</strong></span> <span class='ocrx_word' id='word_1_156' title='bbox 397 1397 625 1432; x_wconf 90' lang='lat' dir='ltr'><strong>programma</strong></span> <span class='ocrx_word' id='word_1_157' title='bbox 650 1386 792 1419; x_wconf 88' lang='lat' dir='ltr'><strong>Patavii</strong></span> <span class='ocrx_word' id='word_1_158' title='bbox 819 1386 864 1418; x_wconf 92' lang='lat' dir='ltr'><strong>ab</strong></span> <span class='ocrx_word' id='word_1_159' title='bbox 889 1386 968 1428; x_wconf 90' lang='lat' dir='ltr'><strong>ipso</strong></span> <span class='ocrx_word' id='word_1_160' title='bbox 993 1386 1217 1429; x_wconf 89' lang='lat' dir='ltr'><strong>propositum</strong></span> <span class='ocrx_word' id='word_1_161' title='bbox 1243 1385 1428 1425; x_wconf 85' lang='lat' dir='ltr'><strong>adducam,</strong></span> <span class='ocrx_word' id='word_1_162' title='bbox 1456 1396 1527 1429; x_wconf 91' lang='lat' dir='ltr'><strong>quo</strong></span> <span class='ocrx_word' id='word_1_163' title='bbox 1551 1384 1703 1425; x_wconf 87' lang='lat' dir='ltr'><strong>facilius,</strong></span> 
     </span>
     <span class='ocr_line' id='line_1_20' title="bbox 305 1442 1221 1490; baseline -0.002 -12"><span class='ocrx_word' id='word_1_164' title='bbox 305 1449 440 1488; x_wconf 88' lang='lat' dir='ltr'><strong>quanta</strong></span> <span class='ocrx_word' id='word_1_165' title='bbox 457 1444 591 1490; x_wconf 91' lang='lat' dir='ltr'><strong>ingenii</strong></span> <span class='ocrx_word' id='word_1_166' title='bbox 609 1444 830 1488; x_wconf 83' lang='lat' dir='ltr'><strong>praestantia</strong></span> <span class='ocrx_word' id='word_1_167' title='bbox 847 1442 967 1483; x_wconf 88' lang='lat' dir='ltr'><strong>fuerit,</strong></span> <span class='ocrx_word' id='word_1_168' title='bbox 986 1443 1221 1488; x_wconf 90' lang='lat' dir='ltr'><strong>intelligatur.</strong></span> 
     </span>
    </p>

    <p class='ocr_par' dir='ltr' id='par_1_3' title="bbox 454 1501 1705 2012">
     <span class='ocr_line' id='line_1_21' title="bbox 454 1501 1704 1546; baseline -0.001 -10"><span class='ocrx_word' id='word_1_169' title='bbox 454 1507 475 1521; x_wconf 80' lang='lat'><strong>‘⁶</strong></span> <span class='ocrx_word' id='word_1_170' title='bbox 493 1502 545 1536; x_wconf 90' lang='lat' dir='ltr'><strong>Ut</strong></span> <span class='ocrx_word' id='word_1_171' title='bbox 562 1502 606 1535; x_wconf 92' lang='lat' dir='ltr'><strong>iis</strong></span> <span class='ocrx_word' id='word_1_172' title='bbox 627 1502 689 1546; x_wconf 91' lang='lat' dir='ltr'><strong>qui</strong></span> <span class='ocrx_word' id='word_1_173' title='bbox 714 1501 863 1546; x_wconf 88' lang='lat' dir='ltr'><strong>(virtute</strong></span> <span class='ocrx_word' id='word_1_174' title='bbox 889 1512 1042 1545; x_wconf 90' lang='lat' dir='ltr'><strong>veraque</strong></span> <span class='ocrx_word' id='word_1_175' title='bbox 1067 1501 1177 1534; x_wconf 89' lang='lat' dir='ltr'><strong>animi</strong></span> <span class='ocrx_word' id='word_1_176' title='bbox 1196 1501 1384 1535; x_wconf 85' lang='lat' dir='ltr'><strong>nobilitate</strong></span> <span class='ocrx_word' id='word_1_177' title='bbox 1402 1501 1481 1535; x_wconf 87' lang='lat' dir='ltr'><strong>aliis</strong></span> <span class='ocrx_word' id='word_1_178' title='bbox 1499 1502 1704 1546; x_wconf 88' lang='lat' dir='ltr'><strong>praelucen-</strong></span> 
     </span>
     <span class='ocr_line' id='line_1_22' title="bbox 504 1559 1703 1606; baseline 0 -12"><span class='ocrx_word' id='word_1_179' title='bbox 504 1560 571 1606; x_wconf 88' lang='lat' dir='ltr'><strong>tes)</strong></span> <span class='ocrx_word' id='word_1_180' title='bbox 598 1560 686 1594; x_wconf 90' lang='lat' dir='ltr'><strong>bene</strong></span> <span class='ocrx_word' id='word_1_181' title='bbox 706 1560 749 1593; x_wconf 89' lang='lat' dir='ltr'><strong>de</strong></span> <span class='ocrx_word' id='word_1_182' title='bbox 767 1560 913 1594; x_wconf 86' lang='lat' dir='ltr'><strong>virtutis</strong></span> <span class='ocrx_word' id='word_1_183' title='bbox 932 1559 1152 1593; x_wconf 86' lang='lat' dir='ltr'><strong>amatoribus</strong></span> <span class='ocrx_word' id='word_1_184' title='bbox 1171 1559 1303 1592; x_wconf 89' lang='lat' dir='ltr'><strong>sentire</strong></span> <span class='ocrx_word' id='word_1_185' title='bbox 1321 1563 1595 1599; x_wconf 86' lang='lat' dir='ltr'><strong>consueverunt,</strong></span> <span class='ocrx_word' id='word_1_186' title='bbox 1622 1571 1703 1605; x_wconf 87' lang='lat' dir='ltr'><strong>gra-</strong></span> 
     </span>
     <span class='ocr_line' id='line_1_23' title="bbox 504 1616 1705 1664; baseline -0.001 -12"><span class='ocrx_word' id='word_1_187' title='bbox 504 1617 572 1652; x_wconf 89' lang='lat' dir='ltr'><strong>tias</strong></span> <span class='ocrx_word' id='word_1_188' title='bbox 596 1622 680 1664; x_wconf 87' lang='lat' dir='ltr'><strong>agat</strong></span> <span class='ocrx_word' id='word_1_189' title='bbox 698 1618 917 1652; x_wconf 85' lang='lat' dir='ltr'><strong>immortales</strong></span> <span class='ocrx_word' id='word_1_190' title='bbox 941 1617 1124 1651; x_wconf 86' lang='lat' dir='ltr'><strong>JACOBUS</strong></span> <span class='ocrx_word' id='word_1_191' title='bbox 1147 1616 1376 1650; x_wconf 82' lang='lat' dir='ltr'>CRITONIUS</span> <span class='ocrx_word' id='word_1_192' title='bbox 1400 1616 1565 1657; x_wconf 75' lang='lat' dir='ltr'><strong>Scorus,</strong></span> <span class='ocrx_word' id='word_1_193' title='bbox 1584 1616 1705 1661; x_wconf 85' lang='lat' dir='ltr'><strong>profli-</strong></span> 
     </span>
     <span class='ocr_line' id='line_1_24' title="bbox 502 1675 1704 1722; baseline -0.002 -12"><span class='ocrx_word' id='word_1_194' title='bbox 502 1676 667 1722; x_wconf 86' lang='lat' dir='ltr'><strong>gatisque</strong></span> <span class='ocrx_word' id='word_1_195' title='bbox 702 1680 738 1710; x_wconf 89' lang='lat' dir='ltr'><strong>et</strong></span> <span class='ocrx_word' id='word_1_196' title='bbox 770 1676 920 1720; x_wconf 89' lang='lat' dir='ltr'><strong>perditis</strong></span> <span class='ocrx_word' id='word_1_197' title='bbox 955 1675 1161 1709; x_wconf 90' lang='lat' dir='ltr'><strong>hominibus</strong></span> <span class='ocrx_word' id='word_1_198' title='bbox 1194 1686 1335 1708; x_wconf 89' lang='lat' dir='ltr'><strong>omnem</strong></span> <span class='ocrx_word' id='word_1_199' title='bbox 1366 1675 1601 1719; x_wconf 88' lang='lat' dir='ltr'><strong>imposterum</strong></span> <span class='ocrx_word' id='word_1_200' title='bbox 1629 1675 1704 1721; x_wconf 85' lang='lat' dir='ltr'><strong>jac-</strong></span> 
     </span>
     <span class='ocr_line' id='line_1_25' title="bbox 505 1732 1704 1778; baseline 0 -10"><span class='ocrx_word' id='word_1_201' title='bbox 505 1734 605 1768; x_wconf 87' lang='lat' dir='ltr'><strong>tandi</strong></span> <span class='ocrx_word' id='word_1_202' title='bbox 624 1735 841 1769; x_wconf 88' lang='lat' dir='ltr'><strong>occasionem</strong></span> <span class='ocrx_word' id='word_1_203' title='bbox 861 1733 1010 1774; x_wconf 85' lang='lat' dir='ltr'><strong>auferat,</strong></span> <span class='ocrx_word' id='word_1_204' title='bbox 1035 1744 1171 1767; x_wconf 90' lang='lat' dir='ltr'><strong>errores</strong></span> <span class='ocrx_word' id='word_1_205' title='bbox 1197 1732 1405 1767; x_wconf 87' lang='lat' dir='ltr'><strong>Aristotelis</strong></span> <span class='ocrx_word' id='word_1_206' title='bbox 1429 1744 1519 1778; x_wconf 91' lang='lat' dir='ltr'><strong>pene</strong></span> <span class='ocrx_word' id='word_1_207' title='bbox 1542 1733 1704 1768; x_wconf 90' lang='lat' dir='ltr'><strong>innume-</strong></span> 
     </span>
     <span class='ocr_line' id='line_1_26' title="bbox 500 1790 1704 1836; baseline -0.001 -9"><span class='ocrx_word' id='word_1_208' title='bbox 500 1793 640 1833; x_wconf 86' lang='lat' dir='ltr'><strong>rabiles,</strong></span> <span class='ocrx_word' id='word_1_209' title='bbox 659 1797 695 1827; x_wconf 90' lang='lat' dir='ltr'><strong>et</strong></span> <span class='ocrx_word' id='word_1_210' title='bbox 713 1792 873 1826; x_wconf 90' lang='lat' dir='ltr'><strong>omnium</strong></span> <span class='ocrx_word' id='word_1_211' title='bbox 893 1792 1107 1826; x_wconf 83' lang='lat' dir='ltr'><strong>Latinorum</strong></span> <span class='ocrx_word' id='word_1_212' title='bbox 1125 1790 1431 1836; x_wconf 89' lang='lat' dir='ltr'><strong>philosophorum,</strong></span> <span class='ocrx_word' id='word_1_213' title='bbox 1458 1791 1534 1825; x_wconf 91' lang='lat' dir='ltr'><strong>sive</strong></span> <span class='ocrx_word' id='word_1_214' title='bbox 1556 1802 1637 1826; x_wconf 91' lang='lat' dir='ltr'><strong>cum</strong></span> <span class='ocrx_word' id='word_1_215' title='bbox 1661 1792 1704 1826; x_wconf 91' lang='lat' dir='ltr'><strong>de</strong></span> 
     </span>
     <span class='ocr_line' id='line_1_27' title="bbox 499 1849 1702 1896; baseline 0 -11"><span class='ocrx_word' id='word_1_216' title='bbox 499 1852 612 1896; x_wconf 90' lang='lat' dir='ltr'><strong>ipsius</strong></span> <span class='ocrx_word' id='word_1_217' title='bbox 631 1856 749 1886; x_wconf 89' lang='lat' dir='ltr'><strong>mente</strong></span> <span class='ocrx_word' id='word_1_218' title='bbox 767 1852 964 1895; x_wconf 88' lang='lat' dir='ltr'><strong>disputant,</strong></span> <span class='ocrx_word' id='word_1_219' title='bbox 983 1851 1058 1884; x_wconf 90' lang='lat' dir='ltr'><strong>sive</strong></span> <span class='ocrx_word' id='word_1_220' title='bbox 1081 1861 1162 1884; x_wconf 92' lang='lat' dir='ltr'><strong>cum</strong></span> <span class='ocrx_word' id='word_1_221' title='bbox 1185 1860 1241 1883; x_wconf 91' lang='lat' dir='ltr'><strong>res</strong></span> <span class='ocrx_word' id='word_1_222' title='bbox 1264 1849 1482 1896; x_wconf 88' lang='lat' dir='ltr'><strong>theologicas</strong></span> <span class='ocrx_word' id='word_1_223' title='bbox 1506 1850 1702 1896; x_wconf 86' lang='lat' dir='ltr'><strong>attingunt,</strong></span> 
     </span>
     <span class='ocr_line' id='line_1_28' title="bbox 501 1907 1703 1954; baseline -0.002 -10"><span class='ocrx_word' id='word_1_224' title='bbox 501 1915 536 1944; x_wconf 90' lang='lat' dir='ltr'><strong>et</strong></span> <span class='ocrx_word' id='word_1_225' title='bbox 554 1910 808 1944; x_wconf 89' lang='lat' dir='ltr'><strong>nonnullorum</strong></span> <span class='ocrx_word' id='word_1_226' title='bbox 826 1920 967 1954; x_wconf 88' lang='lat' dir='ltr'><strong>quoque</strong></span> <span class='ocrx_word' id='word_1_227' title='bbox 985 1909 1185 1943; x_wconf 89' lang='lat' dir='ltr'><strong>matheseos</strong></span> <span class='ocrx_word' id='word_1_228' title='bbox 1207 1907 1460 1953; x_wconf 90' lang='lat' dir='ltr'><strong>professorum,</strong></span> <span class='ocrx_word' id='word_1_229' title='bbox 1489 1909 1627 1943; x_wconf 85' lang='lat' dir='ltr'><strong>somnia</strong></span> <span class='ocrx_word' id='word_1_230' title='bbox 1651 1920 1703 1942; x_wconf 93' lang='lat' dir='ltr'><strong>re-</strong></span> 
     </span>
     <span class='ocr_line' id='line_1_29' title="bbox 501 1966 1172 2012; baseline -0.003 -10"><span class='ocrx_word' id='word_1_231' title='bbox 501 1968 644 2008; x_wconf 87' lang='lat' dir='ltr'><strong>futabit,</strong></span> <span class='ocrx_word' id='word_1_232' title='bbox 663 1972 697 2001; x_wconf 84' lang='lat' dir='ltr'><strong>et</strong></span> <span class='ocrx_word' id='word_1_233' title='bbox 716 1968 761 2001; x_wconf 88' lang='lat' dir='ltr'><strong>ad</strong></span> <span class='ocrx_word' id='word_1_234' title='bbox 779 1967 917 2012; x_wconf 89' lang='lat' dir='ltr'><strong>objecta</strong></span> <span class='ocrx_word' id='word_1_235' title='bbox 934 1966 1172 2011; x_wconf 89' lang='lat' dir='ltr'><strong>respondebit.</strong></span> 
     </span>
    </p>

    <p class='ocr_par' dir='ltr' id='par_1_4' title="bbox 453 2024 1703 2188">
     <span class='ocr_line' id='line_1_30' title="bbox 453 2024 1703 2069; baseline -0.002 -8"><span class='ocrx_word' id='word_1_236' title='bbox 453 2026 618 2061; x_wconf 88' lang='lat' dir='ltr'><strong>Liberam</strong></span> <span class='ocrx_word' id='word_1_237' title='bbox 638 2026 682 2060; x_wconf 89' lang='lat' dir='ltr'><strong>ad</strong></span> <span class='ocrx_word' id='word_1_238' title='bbox 701 2026 787 2059; x_wconf 90' lang='lat' dir='ltr'><strong>haec</strong></span> <span class='ocrx_word' id='word_1_239' title='bbox 804 2025 842 2059; x_wconf 89' lang='lat' dir='ltr'><strong>in</strong></span> <span class='ocrx_word' id='word_1_240' title='bbox 860 2026 1025 2059; x_wconf 91' lang='lat' dir='ltr'><strong>omnibus</strong></span> <span class='ocrx_word' id='word_1_241' title='bbox 1044 2024 1254 2069; x_wconf 88' lang='lat' dir='ltr'><strong>disciplinis,</strong></span> <span class='ocrx_word' id='word_1_242' title='bbox 1279 2024 1354 2058; x_wconf 93' lang='lat' dir='ltr'><strong>sive</strong></span> <span class='ocrx_word' id='word_1_243' title='bbox 1378 2024 1457 2059; x_wconf 89' lang='lat' dir='ltr'><strong>illae</strong></span> <span class='ocrx_word' id='word_1_244' title='bbox 1484 2024 1624 2069; x_wconf 89' lang='lat' dir='ltr'><strong>publice</strong></span> <span class='ocrx_word' id='word_1_245' title='bbox 1641 2024 1703 2058; x_wconf 92' lang='lat' dir='ltr'><strong>do-</strong></span> 
     </span>
     <span class='ocr_line' id='line_1_31' title="bbox 500 2082 1703 2128; baseline -0.002 -10"><span class='ocrx_word' id='word_1_246' title='bbox 500 2085 569 2118; x_wconf 86' lang='lat' dir='ltr'><strong>ceri</strong></span> <span class='ocrx_word' id='word_1_247' title='bbox 589 2085 736 2125; x_wconf 86' lang='lat' dir='ltr'><strong>soleant,</strong></span> <span class='ocrx_word' id='word_1_248' title='bbox 764 2085 839 2118; x_wconf 91' lang='lat' dir='ltr'><strong>sive</strong></span> <span class='ocrx_word' id='word_1_249' title='bbox 862 2083 1134 2128; x_wconf 90' lang='lat' dir='ltr'><strong>sapientissimis</strong></span> <span class='ocrx_word' id='word_1_250' title='bbox 1160 2086 1304 2117; x_wconf 90' lang='lat' dir='ltr'><strong>tantum</strong></span> <span class='ocrx_word' id='word_1_251' title='bbox 1330 2083 1536 2117; x_wconf 87' lang='lat' dir='ltr'><strong>hominibus</strong></span> <span class='ocrx_word' id='word_1_252' title='bbox 1560 2082 1703 2127; x_wconf 89' lang='lat' dir='ltr'><strong>perviae</strong></span> 
     </span>
     <span class='ocr_line' id='line_1_32' title="bbox 500 2142 1104 2188; baseline -0.002 -12"><span class='ocrx_word' id='word_1_253' title='bbox 500 2144 582 2183; x_wconf 88' lang='lat' dir='ltr'><strong>sint,</strong></span> <span class='ocrx_word' id='word_1_254' title='bbox 604 2142 777 2188; x_wconf 89' lang='lat' dir='ltr'><strong>arguendi</strong></span> <span class='ocrx_word' id='word_1_255' title='bbox 796 2142 1014 2176; x_wconf 87' lang='lat' dir='ltr'><strong>occasionem</strong></span> <span class='ocrx_word' id='word_1_256' title='bbox 1032 2142 1104 2175; x_wconf 86' lang='lat' dir='ltr'><strong>dat.</strong></span> 
     </span>
    </p>

    <p class='ocr_par' dir='ltr' id='par_1_5' title="bbox 454 2199 1702 2418">
     <span class='ocr_line' id='line_1_33' title="bbox 454 2199 1702 2246; baseline 0 -13"><span class='ocrx_word' id='word_1_257' title='bbox 454 2201 714 2245; x_wconf 81' lang='lat' dir='ltr'><strong>Responsurus,</strong></span> <span class='ocrx_word' id='word_1_258' title='bbox 745 2200 820 2234; x_wconf 89' lang='lat' dir='ltr'><strong>sive</strong></span> <span class='ocrx_word' id='word_1_259' title='bbox 850 2200 974 2246; x_wconf 86' lang='lat' dir='ltr'><strong>logicis</strong></span> <span class='ocrx_word' id='word_1_260' title='bbox 1005 2203 1040 2233; x_wconf 88' lang='lat' dir='ltr'><strong>et</strong></span> <span class='ocrx_word' id='word_1_261' title='bbox 1070 2199 1249 2233; x_wconf 89' lang='lat' dir='ltr'><strong>consuetis</strong></span> <span class='ocrx_word' id='word_1_262' title='bbox 1286 2199 1588 2244; x_wconf 91' lang='lat' dir='ltr'><strong>responsionibus,</strong></span> <span class='ocrx_word' id='word_1_263' title='bbox 1627 2199 1702 2233; x_wconf 88' lang='lat' dir='ltr'><strong>sive</strong></span> 
     </span>
     <span class='ocr_line' id='line_1_34' title="bbox 501 2256 1702 2304; baseline -0.002 -11"><span class='ocrx_word' id='word_1_264' title='bbox 501 2271 563 2303; x_wconf 87' lang='lat' dir='ltr'><strong>per</strong></span> <span class='ocrx_word' id='word_1_265' title='bbox 581 2264 751 2293; x_wconf 87' lang='lat' dir='ltr'><strong>secretam</strong></span> <span class='ocrx_word' id='word_1_266' title='bbox 769 2269 1001 2293; x_wconf 89' lang='lat' dir='ltr'><strong>numerorum</strong></span> <span class='ocrx_word' id='word_1_267' title='bbox 1019 2258 1206 2298; x_wconf 90' lang='lat' dir='ltr'><strong>rationem,</strong></span> <span class='ocrx_word' id='word_1_268' title='bbox 1231 2262 1294 2292; x_wconf 89' lang='lat' dir='ltr'><strong>aut</strong></span> <span class='ocrx_word' id='word_1_269' title='bbox 1319 2257 1452 2304; x_wconf 86' lang='lat' dir='ltr'><strong>figuras</strong></span> <span class='ocrx_word' id='word_1_270' title='bbox 1476 2256 1702 2291; x_wconf 89' lang='lat' dir='ltr'><strong>mathemati-</strong></span> 
     </span>
     <span class='ocr_line' id='line_1_35' title="bbox 501 2315 1701 2363; baseline -0.002 -12"><span class='ocrx_word' id='word_1_271' title='bbox 501 2328 569 2357; x_wconf 85' lang='lat' dir='ltr'><strong>cas,</strong></span> <span class='ocrx_word' id='word_1_272' title='bbox 589 2317 663 2351; x_wconf 89' lang='lat' dir='ltr'><strong>sive</strong></span> <span class='ocrx_word' id='word_1_273' title='bbox 677 2329 740 2361; x_wconf 91' lang='lat' dir='ltr'><strong>per</strong></span> <span class='ocrx_word' id='word_1_274' title='bbox 754 2318 891 2362; x_wconf 87' lang='lat' dir='ltr'><strong>aliquot</strong></span> <span class='ocrx_word' id='word_1_275' title='bbox 906 2327 949 2350; x_wconf 82' lang='lat' dir='ltr'><strong>ex</strong></span> <span class='ocrx_word' id='word_1_276' title='bbox 963 2321 1106 2350; x_wconf 89' lang='lat' dir='ltr'><strong>centum</strong></span> <span class='ocrx_word' id='word_1_277' title='bbox 1122 2316 1320 2350; x_wconf 91' lang='lat' dir='ltr'><strong>carminum</strong></span> <span class='ocrx_word' id='word_1_278' title='bbox 1338 2315 1539 2363; x_wconf 88' lang='lat' dir='ltr'><strong>generibus,</strong></span> <span class='ocrx_word' id='word_1_279' title='bbox 1558 2326 1602 2348; x_wconf 87' lang='lat' dir='ltr'><strong>ex</strong></span> <span class='ocrx_word' id='word_1_280' title='bbox 1621 2325 1701 2359; x_wconf 91' lang='lat' dir='ltr'><strong>pro-</strong></span> 
     </span>
     <span class='ocr_line' id='line_1_36' title="bbox 502 2375 890 2418; baseline 0.005 -11"><span class='ocrx_word' id='word_1_281' title='bbox 502 2375 710 2418; x_wconf 89' lang='lat' dir='ltr'><strong>ponentium</strong></span> <span class='ocrx_word' id='word_1_282' title='bbox 730 2375 890 2409; x_wconf 87' lang='lat' dir='ltr'><strong>arbitrio.</strong></span> 
     </span>
    </p>

    <p class='ocr_par' dir='ltr' id='par_1_6' title="bbox 453 2430 1701 2536">
     <span class='ocr_line' id='line_1_37' title="bbox 453 2430 1701 2478; baseline -0.002 -12"><span class='ocrx_word' id='word_1_283' title='bbox 453 2432 494 2466; x_wconf 87' lang='lat' dir='ltr'><strong>Iu</strong></span> <span class='ocrx_word' id='word_1_284' title='bbox 520 2431 601 2466; x_wconf 91' lang='lat' dir='ltr'><strong>DD.</strong></span> <span class='ocrx_word' id='word_1_285' title='bbox 625 2432 774 2467; x_wconf 86' lang='lat' dir='ltr'><strong>Joannis</strong></span> <span class='ocrx_word' id='word_1_286' title='bbox 796 2437 831 2467; x_wconf 86' lang='lat' dir='ltr'><strong>et</strong></span> <span class='ocrx_word' id='word_1_287' title='bbox 855 2433 962 2467; x_wconf 88' lang='lat' dir='ltr'><strong>Pauli</strong></span> <span class='ocrx_word' id='word_1_288' title='bbox 987 2433 1070 2467; x_wconf 87' lang='lat' dir='ltr'><strong>aede</strong></span> <span class='ocrx_word' id='word_1_289' title='bbox 1094 2444 1194 2468; x_wconf 90' lang='lat' dir='ltr'><strong>sacra</strong></span> <span class='ocrx_word' id='word_1_290' title='bbox 1218 2433 1296 2478; x_wconf 89' lang='lat' dir='ltr'><strong>ipso</strong></span> <span class='ocrx_word' id='word_1_291' title='bbox 1322 2431 1547 2467; x_wconf 89' lang='lat' dir='ltr'><strong>sanctissimo</strong></span> <span class='ocrx_word' id='word_1_292' title='bbox 1577 2430 1701 2464; x_wconf 89' lang='lat' dir='ltr'><strong>Pente-</strong></span> 
     </span>
     <span class='ocr_line' id='line_1_38' title="bbox 504 2488 999 2536; baseline 0 -12"><span class='ocrx_word' id='word_1_293' title='bbox 504 2496 615 2525; x_wconf 84' lang='lat' dir='ltr'><strong>costes</strong></span> <span class='ocrx_word' id='word_1_294' title='bbox 634 2491 690 2524; x_wconf 91' lang='lat' dir='ltr'><strong>die</strong></span> <span class='ocrx_word' id='word_1_295' title='bbox 707 2495 788 2536; x_wconf 88' lang='lat' dir='ltr'><strong>post</strong></span> <span class='ocrx_word' id='word_1_296' title='bbox 805 2488 999 2533; x_wconf 85' lang='lat' dir='ltr'><strong>meridiem,</strong></span> 
     </span>
    </p>
   </div>
  </div>
 </body>
</html>
