2032 2912
712 357 886 389 GENTIS
911 355 1184 393 SCOTORUM,
1209 355 1298 386 LIB.
1321 354 1378 386 IV.
1675 353 1736 382 215

359 450 433 491 diu,
455 451 538 485 solis
556 451 679 490 instar,
698 452 735 484 in
752 451 877 484 mediis
898 449 1049 484 flammis
1072 450 1269 489 effulsisset,
1295 449 1408 493 longis
1431 447 1543 481 contis
1567 451 1602 480 et
1625 446 1735 480 hastis

359 508 587 547 transfossus,
604 509 729 552 pietati
748 507 923 552 majorum
942 518 1067 540 aureae
1084 507 1121 539 in
1139 507 1284 540 exilium
1303 506 1462 539 abiturae
1486 505 1658 550 sanguine
1675 514 1735 547 pa-

358 565 524 606 tentavit,
545 569 618 598 tam
635 570 756 598 sancto
773 564 896 597 ordine
913 564 1154 609 dignissimus.
1213 563 1361 596 Gilbert.
1382 562 1539 596 Brunus.

409 622 625 666 Martyrium
647 632 772 666 passus
796 621 834 654 in
860 619 959 654 Valle
975 619 1162 654 Virtutum
1188 631 1281 653 anno
1308 628 1457 653 MDle.
1484 630 1602 653 mense
1628 618 1735 657 Maio,

359 679 415 712 die
433 679 577 713 incerto.

740 792 902 827 DAVID
927 791 1220 826 DUGLASIUS.
1274 794 1355 830 393.

358 907 496 941 DAVID
515 908 720 955 Duglasius,
738 909 847 942 nobili
866 909 941 942 loco
958 912 1074 946 natus,
1093 907 1208 951 patria
1221 918 1295 946 sua,
1309 910 1453 950 propter
1468 905 1582 945 fidem,
1597 917 1618 939 a
1631 910 1739 939 secta-

360 965 422 999 riis
450 971 605 1006 exactus,
630 965 792 1000 Jezabele
818 966 1017 1011 Anglicana
1043 965 1190 1010 jubente
1216 963 1368 998 Eboraci
1398 968 1553 1002 necatur,
1582 973 1646 996 nec
1672 963 1739 996 alia

358 1034 462 1057 causa
480 1023 606 1063 caedis,
624 1035 730 1067 quam
749 1024 832 1067 quia
850 1024 906 1056 vir
923 1022 1053 1066 probus
1071 1021 1207 1062 Scotus,
1233 1026 1267 1055 et
1292 1020 1506 1060 Catholicus,
1530 1021 1623 1064 quod
1647 1021 1739 1064 apud

359 1081 506 1125 impiam
524 1080 664 1114 Calvini
683 1082 835 1114 catulam
854 1080 1008 1126 ingentis
1027 1080 1140 1113 instar
1158 1078 1298 1124 flagitii.
1350 1077 1499 1112 Gilbert.
1520 1078 1676 1111 Brunus.

410 1138 539 1171 Passus
557 1137 721 1171 est'anno
741 1146 934 1171 MDLXXV.
954 1137 1009 1170 die
1028 1145 1150 1169 XXIII.
1169 1135 1353 1169 Decembr.
1391 1135 1530 1169 Extant
1544 1140 1620 1169 acta
1634 1146 1654 1168 a
1668 1146 1739 1168 mo-

358 1194 470 1228 nacho
488 1194 720 1228 Benedictino
738 1194 859 1240 Anglo
877 1195 1018 1238 scripta.

694 1308 919 1343 GAVINUS
945 1308 1275 1343 DUMBARRUS.
1328 1312 1410 1347 394.

360 1422 548 1457 GAVINUS
586 1422 821 1463 Dumbarrus,
869 1434 999 1468 magna
1040 1424 1210 1457 comitum
1253 1423 1432 1457 Merchiae
1470 1423 1580 1467 stirpe
1622 1424 1743 1457 oriun-

358 1480 436 1520 dus,
481 1491 525 1513 ex
565 1480 811 1514 archidiacono
847 1479 1132 1513 Sanctandreano
1166 1480 1280 1514 factus
1316 1485 1467 1520 senator,
1504 1491 1548 1514 ex
1582 1485 1743 1515 senatore

358 1537 542 1581 episcopus
577 1536 854 1576 Aberdonensis,
897 1538 953 1570 vir
994 1537 1088 1570 vitae
1127 1538 1368 1578 admirabilis3
1413 1549 1495 1571 nam
1534 1539 1636 1581 plura
1671 1538 1743 1582 pie-

360 1595 444 1628 tatis
478 1594 591 1628 officia
624 1595 719 1628 solus
754 1595 909 1638 reliquit,
944 1605 1049 1639 quam
1078 1606 1198 1628 omnes
1227 1595 1380 1639 episcopi
1411 1595 1617 1628 decessores.
1670 1595 1741 1628 Xe-

360 1652 575 1685 nodochium
623 1661 698 1685 XII.
741 1652 956 1695 pauperibus
998 1656 1207 1695 perpetuum
1250 1653 1395 1692 alendis,
1439 1664 1545 1686 censu
1586 1653 1742 1698 assigna-

361 1713 408 1749 to,
442 1709 579 1749 erexit3
606 1708 719 1742 Deam
746 1708 907 1748 fluvium,
937 1710 999 1753 qui
1025 1720 1152 1742 novam
1179 1709 1301 1742 urbem
1330 1709 1441 1749 alluit,
1474 1714 1579 1753 ponte
1605 1710 1742 1753 lapideo

360 1765 721 1811 magnificentissimo,
752 1766 870 1799 decem
906 1777 1062 1805 arcuum,
1099 1766 1249 1805 stravit3
1285 1776 1413 1799 novam
1449 1767 1567 1800 aedem
1602 1767 1742 1800 inchoa-

360 1828 433 1856 tam
453 1823 605 1856 absolvit
630 1822 666 1856 S.
692 1822 876 1856 Machorio
902 1834 1047 1862 sacram,
1074 1823 1161 1856 duas
1187 1823 1387 1867 pyramides
1414 1824 1623 1857 editissimas
1650 1824 1742 1869 adje-

360 1881 431 1920 cit;
468 1880 639 1923 palatium
673 1880 868 1923 episcopale
903 1880 939 1913 in
974 1891 1051 1913 eam
1082 1880 1291 1924 elegantiam
1324 1891 1345 1912 a
1378 1880 1616 1913 fundamentis
1651 1882 1742 1914 exci-

360 1938 462 1976 tavit,
481 1942 523 1970 ut
540 1948 606 1981 par
622 1938 660 1971 111
680 1936 828 1981 Europa
854 1938 915 1970 vix
940 1937 1106 1976 haberet3
1133 1935 1350 1970 Dalmaticos
1374 1938 1506 1976 calices,
1531 1949 1573 1971 ex
1596 1943 1742 1984 argento

362 2005 518 2038 auroque
537 1995 728 2038 purissimo
746 1995 973 2039 conquisitOS,
995 1993 1192 2027 incredibili
1215 1993 1334 2026 labore
1358 1999 1393 2028 et
1416 2000 1560 2038 sumptu
1586 2007 1607 2028 a
1630 2000 1742 2029 trans-

361 2052 507 2085 marinis
547 2052 703 2092 advexit,
740 2052 1047 2095 consecravitque3
1092 2050 1243 2093 denique
1285 2061 1364 2084 cum
1408 2052 1548 2085 aliunde
1587 2052 1741 2092 haberet,

360 2120 431 2153 quo
465 2120 502 2142 se
540 2108 782 2153 familiamque
817 2114 1042 2148 sustentaret,
1085 2119 1129 2141 ne
1164 2119 1277 2141 assem
1312 2109 1457 2152 quidem
1491 2109 1663 2143 Caianum
1699 2121 1742 2143 ex

361 2172 437 2200 toto
469 2167 529 2200 illo
560 2167 727 2210 opulento
759 2167 926 2210 episcopii
956 2170 1131 2210 proventu
1160 2165 1198 2198 in
1226 2176 1301 2199 rem
1332 2177 1431 2199 suam
1463 2168 1648 2207 convertit,
1682 2168 1742 2200 sed

362 2223 530 2268 quicquid
549 2223 604 2256 his
622 2222 744 2256 officiis
761 2223 948 2267 superfuit,
963 2223 1000 2256 in
1014 2233 1185 2266 pauperes
1200 2228 1253 2256 est
1266 2224 1447 2268 elargitus.
1482 2223 1579 2257 Eum
1594 2229 1614 2243 “
1626 2225 1742 2257 virum

361 2281 472 2325 pium,
504 2281 695 2324 apostolico
726 2281 856 2324 spiritu
886 2279 1055 2319 afflatum,
1082 2285 1117 2313 et
1148 2281 1265 2313 virum
1291 2280 1485 2320 divinum,''
1510 2287 1613 2315 vocat
1638 2281 1741 2315 Joan.

362 2337 530 2371 Leslaeus
553 2337 614 2371 lib.
635 2346 690 2370 lx.
716 2349 796 2383 pag.
816 2346 956 2371 cccxc.
1011 2337 1109 2371 Ante
1126 2338 1261 2381 aliquot
1287 2348 1409 2377 annos,
1434 2349 1515 2371 cum
1538 2350 1744 2373 monumen-

362 2400 399 2429 ta
424 2394 650 2428 reficerentur
680 2395 842 2428 ecclesiae
874 2394 1079 2439 episcopalis
1111 2406 1205 2434 suae,
1238 2405 1365 2439 corpus
1390 2395 1501 2439 ipsius
1532 2407 1610 2430 cum
1638 2397 1744 2430 vesti-

361 2453 490 2486 mentis
509 2453 693 2492 intactum‚
714 2453 885 2491 vividum,
904 2453 998 2486 succi
1016 2458 1051 2485 et
1077 2452 1262 2498 sanguinis
1288 2453 1443 2497 plenum,
1470 2453 1647 2494 haeretici,
1673 2465 1745 2488 nou

1015 2511 1037 2542 2
1057 2517 1080 2541 r
