2032 2912
693 360 869 394 GENTIS
894 360 1171 400 SCOTORUM,
1197 361 1285 394 LIB.
1314 362 1387 394 VII.
1664 363 1727 394 327

337 457 376 490 in
402 466 483 490 eum
511 456 556 490 ab
581 455 778 490 Eboracen.
806 456 1068 501 archiepiscopo
1094 457 1236 503 Rogero
1262 457 1353 491 latae
1380 457 1635 492 absolutionem
1661 458 1726 491 im-

336 514 491 558 petravit
515 525 536 547 a
560 513 673 548 Lucio
699 513 768 547 ΙΙΙ.
820 513 935 548 Extat
953 514 1102 558 epistola
1119 514 1277 560 ejusdem
1297 515 1472 559 pontificis
1491 515 1586 559 apud
1605 514 1725 549 Hove-

337 572 406 606 den
432 570 566 606 Annal.
593 576 686 616 part.
715 580 757 605 11.
785 583 866 618 pag.
896 580 1025 605 CCCLI.
1077 571 1205 605 Eidem
1224 572 1349 607 deinde
1367 572 1535 607 Urbanus
1554 572 1622 607 III.
1645 584 1726 607 con-

337 630 549 664 troversiam
577 630 672 663 inter
700 630 881 674 episcopos
910 628 946 663 S.
971 628 1137 663 Andreae
1162 629 1354 675 Hugonem
1380 635 1415 664 et
1438 629 1725 665 Dunkeldensem

336 686 514 721 Joannem
550 687 754 727 committit,
788 691 830 720 ut
866 698 910 720 ex
944 686 1056 720 literis
1091 691 1240 727 constat,
1282 698 1371 731 quas
1412 688 1518 722 habet
1554 687 1725 723 Hoveden

337 755 419 790 pag.
439 752 586 778 CCCLX.
605 744 666 778 sed
685 749 721 778 et
739 744 901 778 Clemens
920 743 990 777 ΙΙΙ.
1017 744 1163 778 eandem
1186 745 1218 778 ei
1242 755 1383 778 causam
1410 746 1526 779 denuo
1552 757 1727 780 commen-

337 802 449 836 davit.
502 801 677 836 Hoveden
691 802 812 836 literas
831 801 994 846 producit
1011 812 1092 847 pag.
1112 810 1319 836 CCCLXXX.
1371 802 1463 848 Ejus
1476 804 1605 843 studio,
1619 804 1727 838 inter—

333 860 439 905 jectis
459 860 596 904 aliquot
614 860 729 899 annis,
754 859 956 893 Richardus
974 858 1003 892 I.
1029 858 1184 905 Angliae
1208 870 1282 899 reX,
1307 861 1514 894 comitatum
1532 860 1728 895 Northum-

338 918 434 951 briae
468 918 544 963 regi
575 916 714 951 Scotiae
749 916 943 950 Wilhelmo
977 917 1015 950 in
1045 922 1255 961 perpetuum
1286 917 1538 961 possidendum
1568 919 1725 952 tradidit.

339 974 512 1009 Hoveden
538 986 619 1021 pag.
647 983 792 1008 CDXIX.
858 973 957 1007 Idem
985 973 1021 1007 S.
1047 973 1295 1009 Alexandrum
1321 986 1452 1020 regem,
1477 974 1513 1008 S.
1536 974 1728 1010 Wilhelmo

339 1044 382 1066 ex
397 1032 642 1078 Ermingarda
654 1036 871 1076 susceptum,
884 1042 982 1066 sacro
997 1031 1095 1066 fonte
1109 1032 1234 1066 abluit.
1276 1032 1449 1066 Hoveden
1463 1043 1544 1079 pag.
1560 1041 1728 1066 cDxmv.

339 1089 439 1124 Idem
459 1101 543 1124 vero
562 1094 685 1124 auctor
703 1094 892 1134 corruptus
910 1095 964 1124 est
982 1090 1020 1123 in
1037 1090 1170 1130 eodem,
1197 1098 1289 1124 CDL.
1314 1090 1371 1124 die
1395 1090 1430 1124 S.
1451 1090 1611 1130 Patricii,
1634 1091 1730 1125 vide-

339 1148 433 1188 licet,
452 1152 474 1167 “
493 1156 579 1181 XVI.
598 1147 732 1181 calend.
750 1146 890 1191 Aprilis
909 1146 998 1181 feria
1016 1156 1070 1180 lv,
1088 1147 1112 1180 J
1114 1147 1268 1181 ocelinus
1288 1147 1507 1187 venerabilis,
1521 1147 1731 1182 Glastonen-

340 1206 388 1240 sis
407 1206 571 1240 ecclesiae
590 1205 749 1245 antistes,
768 1204 858 1239 obiit
875 1205 971 1250 apud
989 1204 1140 1250 Melgos,
1159 1204 1222 1238 ubi
1241 1205 1316 1249 ipse
1330 1205 1497 1239 extiterat
1511 1206 1730 1239 venerandus

339 1263 459 1304 abbas,
492 1267 527 1297 et
556 1263 688 1297 ibidem
721 1262 760 1296 in
788 1263 895 1297 choro
925 1262 1180 1296 monachorum
1210 1273 1254 1296 ex
1282 1262 1414 1296 boreali
1441 1266 1542 1307 parte
1567 1263 1730 1297 ecclesiae

340 1322 502 1366 sepultus
531 1321 617 1355 est.’‘
668 1320 737 1354 Sed
765 1321 954 1367 legendum
978 1325 1042 1360 est,
1071 1324 1091 1339 “
1111 1319 1333 1354 Glascoensis
1359 1320 1553 1360 ecclesiae,”
1578 1325 1614 1354 et
1639 1327 1730 1364 post,

342 1384 363 1399 ‘⁶
381 1378 471 1413 obiit
489 1379 585 1423 apud
603 1378 770 1412 Me1ros.‘’
823 1377 973 1422 Scripsit

489 1436 545 1471 De
563 1436 814 1470 Translatione
831 1435 1042 1481 Augustini,
1060 1434 1263 1481 Anglorum
1281 1435 1460 1480 Apostoli,
1565 1436 1627 1470 lib.
1648 1445 1673 1470 1.
1691 1442 1733 1470 ut

538 1498 713 1528 memorat
732 1493 1061 1527 Malmesburiensis
1080 1492 1140 1527 lib.
1161 1501 1214 1526 IV.
1233 1504 1309 1537 cap.
1329 1502 1355 1527 Ι.
1373 1494 1443 1528 nisi
1461 1494 1551 1528 alius
1569 1495 1626 1528 sit.

390 1552 508 1587 Roma
533 1551 641 1586 rediit
669 1560 880 1585 MCLXXXI.
909 1562 1029 1596 regem
1061 1550 1236 1594 baptismo
1262 1550 1376 1585 abluit
1408 1562 1501 1584 anno
1528 1559 1733 1585 MCXCVIII.

342 1610 429 1645 obiit
447 1620 541 1644 anno
559 1609 732 1653 sequenti.
785 1607 973 1642 Nostrates
997 1609 1039 1642 de
1063 1619 1103 1642 eo
1127 1613 1257 1648 tacent,
1280 1613 1421 1652 praeter
1447 1607 1732 1643 Scotichronicon

341 1667 402 1702 lib.
423 1675 498 1701 nx.
517 1677 592 1711 cap.
613 1674 730 1699 xxw.
750 1674 886 1699 xxxx.
907 1674 974 1699 Lx.
992 1666 1055 1709 qui
1073 1665 1176 1699 officii
1194 1666 1271 1711 ejus
1289 1666 1461 1699 meminit.

782 1780 824 1814 Β.
853 1755 1157 1815 GAUFRiDUS.
1210 1779 1292 1814 611.

344 1898 388 1932 B.
421 1897 674 1938 GAUFRIDUS,
706 1895 813 1930 abbas
843 1895 1117 1936 Dunfermelini‚
1147 1896 1329 1930 ecclesiam
1357 1895 1530 1930 Scoticam
1560 1897 1615 1930 sui
1640 1896 1734 1941 juris

343 1956 459 1991 facere
489 1955 575 1990 totis
606 1954 742 1989 viribus
768 1953 941 1994 incubuit,
968 1954 1063 1999 quod
1088 1958 1124 1988 et
1149 1958 1357 1988 consecutus
1384 1964 1456 1989 non
1483 1954 1629 1988 obscure
1654 1965 1734 1988 nar-

344 2018 446 2048 ratur
463 2024 485 2047 a
503 2013 596 2059 Rog.
616 2012 659 2046 de
680 2011 853 2046 Hoveden
871 2010 1003 2045 Annal.
1021 2017 1113 2056 part.
1133 2020 1175 2045 11.
1194 2023 1276 2057 pag.
1296 2020 1429 2046 CCCXI.
1482 2011 1630 2056 Scripsit

498 2070 567 2105 Pro
585 2069 825 2114 Exemptione
843 2068 1021 2103 Ecclesiae
1039 2069 1197 2104 Scoticae
1383 2068 1442 2102 lib.
1464 2078 1487 2102 1.

397 2129 538 2164 Floruit
556 2139 650 2162 anno
670 2135 859 2161 MCLxxv.

824 2241 1127 2278 GREGORIUS.
1180 2242 1262 2277 612.

349 2360 600 2399 GREGORIUS,
643 2358 827 2404 episcopus
871 2357 1069 2398 Rossensis,
1111 2362 1330 2403 memoratur
1372 2370 1393 2392 a
1432 2358 1573 2404 Rogero
1617 2357 1737 2392 Hove-

348 2419 418 2453 den
460 2416 592 2452 Annal.
645 2421 737 2461 part.
783 2424 825 2449 11.
877 2426 958 2461 pag.
1003 2423 1255 2449 ccccxxvlu.
1333 2415 1394 2451 An
1445 2416 1624 2460 scripserit
1675 2416 1735 2449 ali-

1015 2475 1036 2506 2
1055 2482 1084 2507 X
