2032 2912
384 553 885 610 HISTORIAE
927 554 1693 611 EOOLESIASTICAE

672 657 955 707 GENTIS
993 657 1396 707 SCOTORUM

902 787 1087 829 LIBER
1117 789 1173 830 II.

774 970 811 1005 S.
840 967 1162 1006 BALDREDUS.
1217 973 1300 1006 122.

338 1072 400 1107 DE
419 1071 455 1105 S.
475 1071 663 1111 Baldredo‚
681 1069 845 1115 episcopo
861 1068 1080 1110 Glascuensi,
1099 1069 1135 1105 S.
1155 1069 1370 1117 Kentigerni
1395 1080 1603 1110 successore,
1629 1069 1736 1104 verba

339 1129 504 1163 Hectoris
524 1127 666 1162 Boethii
684 1138 729 1162 ex
746 1126 806 1161 lib.
828 1136 885 1161 lx.
905 1126 1002 1162 Hist.
1022 1126 1116 1162 Scot.
1135 1139 1326 1172 apponam.
1354 1132 1375 1148 “
1393 1127 1511 1162 Divus
1526 1126 1736 1167 Baldredus‚

336 1185 464 1220 Scotus
481 1196 620 1232 genere,
641 1185 824 1220 Pictorum
842 1184 977 1225 doctor,
995 1185 1057 1229 qui
1076 1185 1138 1219 ubi
1160 1184 1281 1220 Pictos
1304 1190 1399 1220 recta
1420 1184 1488 1219 fide
1511 1185 1571 1229 pio
1594 1184 1739 1218 institu-

336 1244 421 1277 isset
438 1243 577 1283 sudore,
597 1242 635 1276 in
653 1241 766 1276 Bassa
790 1241 895 1285 (arcis
918 1246 972 1275 est
994 1252 1123 1276 nomen
1147 1242 1185 1276 in
1207 1242 1405 1282 Laudonia,
1423 1242 1490 1276 loci
1509 1247 1638 1276 natura
1661 1252 1736 1275 om-

334 1300 434 1333 nium
454 1299 725 1338 munitissimae,
748 1298 894 1342 scopulo
916 1298 1090 1333 altissimo
1113 1299 1267 1343 amplius
1285 1299 1425 1333 duobus
1442 1309 1613 1343 passuum
1632 1298 1737 1332 milli-

335 1356 400 1391 bus
415 1368 434 1391 a
448 1356 654 1396 continenti,
668 1355 826 1400 undique
839 1355 930 1389 mari
944 1355 1070 1396 cincto,
1088 1356 1192 1401 sitae)
1211 1356 1288 1390 vita
1305 1355 1536 1402 defungitur3
1554 1366 1737 1400 quumque

334 1414 445 1448 trium
471 1413 720 1458 parochiarum
746 1412 827 1452 viri,
853 1411 1065 1453 Aldhamae,
1092 1412 1341 1460 Tinnigamae‚
1365 1417 1401 1447 et
1419 1412 1581 1453 Preston,
1605 1423 1671 1457 pro
1687 1412 1738 1446 ef-

333 1471 477 1505 ferendo
490 1470 614 1504 funere
627 1470 858 1509 decertarent,
872 1469 1049 1511 omnibus,
1063 1475 1104 1505 ut
1117 1475 1191 1505 tam
1206 1475 1328 1505 sancto
1341 1471 1491 1517 pignore
1508 1470 1734 1504 honestaren-

333 1534 403 1569 tur,
423 1526 728 1567 contendentibus,
746 1530 991 1572 spectaretque
1015 1538 1072 1562 res
1095 1539 1206 1573 prope
1229 1528 1275 1562 ad
1298 1528 1481 1574 injuriam,
1506 1527 1640 1573 placuit
1663 1538 1737 1562 om-

334 1586 433 1620 nium
452 1594 625 1620 consensu
642 1589 848 1629 sequentem
866 1589 1005 1619 noctem
1023 1586 1092 1630 piis
1111 1586 1316 1620 assistentes
1334 1585 1597 1630 precationibus
1617 1596 1736 1619 sacras

334 1654 438 1689 agere
452 1643 606 1689 vigilias,
620 1642 793 1686 postridie
806 1642 902 1686 quod
920 1642 986 1676 loci
1005 1643 1168 1687 pontifex
1187 1643 1232 1688 (is
1247 1648 1325 1677 tum
1339 1642 1431 1677 forte
1449 1643 1543 1683 illuc,
1558 1647 1600 1677 ut
1618 1654 1738 1677 sacrae

334 1699 584 1744 supplicationi
614 1699 763 1739 adesset,
791 1701 953 1745 venerat)
982 1700 1020 1734 in
1045 1711 1083 1735 re
1111 1700 1319 1735 faciundum
1345 1701 1487 1741 diceret,
1516 1701 1648 1745 absque
1674 1701 1736 1734 lite

334 1761 603 1801 exequerentur.
648 1755 788 1790 Exacta
804 1761 907 1790 nocte
925 1761 997 1790 tres
1015 1758 1144 1802 capuli,
1163 1758 1279 1792 tribus
1297 1768 1377 1791 cum
1397 1758 1614 1802 corporibus,
1630 1759 1738 1792 vesti-

335 1814 464 1848 mentis
478 1814 587 1847 sacris
601 1813 766 1847 decenter
777 1813 906 1853 ornati,
919 1814 1018 1847 nullo
1032 1814 1126 1848 inter
1138 1825 1175 1849 se
1189 1813 1447 1860 magnitudine,
1459 1819 1522 1849 aut
1533 1815 1658 1854 colore,
1673 1820 1735 1849 aut

335 1872 404 1905 alio
417 1871 545 1915 quovis
558 1870 772 1910 discrimine,
784 1881 804 1904 a
815 1870 1056 1905 sacerdotibus
1067 1871 1134 1906 sub
1145 1872 1290 1906 dubiam
1302 1873 1417 1906 lucem
1429 1872 1578 1912 inventi,
1585 1872 1735 1917 jubente

303 1955 305 1957 .
337 1929 511 1973 episcopo,
538 1928 606 1972 piis
631 1939 672 1962 ac
693 1928 796 1962 laetis
821 1927 944 1972 populi
970 1929 1282 1963 acclamationibus
1303 1929 1349 1963 ad
1369 1929 1438 1963 tria
1463 1929 1580 1962 vicina
1604 1930 1737 1974 templa

335 1990 420 2020 sunt
454 1986 560 2019 delati
575 1995 585 2026 ;
626 1985 687 2018 ubi
717 1985 811 2019 idem
843 1984 953 2019 funus
983 1985 1106 2020 divina
1136 1997 1243 2031 opera
1276 1986 1391 2021 tribus
1427 1986 1464 2020 in
1494 1987 1578 2020 locis
1609 1987 1736 2021 celebri

337 2053 477 2088 pompa,
496 2042 725 2087 honestisque
743 2042 971 2088 sarcophagis
990 2043 1184 2084 conditum,
1203 2044 1269 2078 hoc
1286 2049 1409 2078 nostro
1427 2055 1514 2078 aevo
1532 2055 1553 2078 a
1570 2044 1736 2090 religioso

334 2100 465 2145 populo
480 2100 547 2144 piis
562 2100 654 2134 votis
669 2099 897 2134 honoratur.’'
924 2099 1029 2139 Quod
1043 2112 1084 2134 eo
1097 2101 1278 2135 lubentius
1292 2101 1410 2141 retuli,
1424 2112 1496 2146 quo
1509 2102 1592 2147 jure
1610 2102 1732 2135 mirari

336 2157 455 2191 lubeat
474 2157 606 2190 nullam
625 2157 668 2191 de
685 2162 759 2191 tam
779 2161 901 2191 sancto
915 2157 993 2191 viro
1011 2157 1049 2190 in
1067 2156 1340 2203 Martyrologiis
1358 2156 1487 2191 factam
1507 2157 1733 2191 mentionem.

337 2214 504 2248 Meminit
521 2213 578 2248 Jo.
598 2213 766 2248 Leslaeus
783 2214 844 2248 lib.
866 2223 920 2249 lv.
947 2214 1046 2249 Hist.
1066 2213 1160 2248 Scot.
1185 2225 1266 2259 pag.
1287 2223 1384 2248 eL11.
1407 2222 1443 2248 et
1465 2212 1569 2248 Joan.
1596 2213 1736 2248 Fordu-

334 2282 402 2305 nus
421 2271 499 2305 MS.
526 2272 563 2305 in
588 2271 685 2306 Hist.
709 2271 803 2307 Scot.
828 2272 889 2306 lib.
909 2281 980 2306 vu.
1006 2276 1210 2306 asservatus
1234 2271 1488 2317 Cantabrigiae
1512 2272 1549 2305 in
1577 2270 1736 2317 Collegio

336 2328 382 2362 D.
404 2328 599 2369 Benedicti,
617 2329 679 2374 qui
698 2329 823 2364 asserit
842 2340 923 2364 eum
940 2329 1124 2374 scripsisse
1141 2329 1327 2373 quaedam,
1346 2333 1383 2363 et
1399 2328 1494 2363 inter
1512 2340 1553 2363 ea

482 2386 537 2420 De
555 2385 712 2421 Scoticae
730 2386 909 2421 Ecclesiae
926 2385 1032 2421 Statu
1279 2386 1340 2420 lib.
1362 2395 1386 2420 Ι.

382 2441 513 2477 Vivere
531 2443 636 2478 desiit
654 2454 747 2479 anno
766 2452 877 2479 DCVI.
930 2442 1070 2491 Colitur
1086 2443 1144 2479 die
1163 2452 1216 2478 vl.
1237 2443 1374 2479 Martii.
1427 2443 1588 2479 Breviar.
1609 2443 1734 2479 Scotic.

1019 2511 1045 2536 K
