2032 2912
708 358 884 391 GENTIS
909 358 1188 397 SCOTORUM,
1212 358 1303 391 LIB.
1326 358 1390 391 III.
1683 360 1743 391 151

395 452 549 488 Vivebat
563 464 657 488 anno
672 462 736 488 Dc.
751 457 814 487 aut
830 453 980 487 circiter.
1018 453 1159 488 Colitur
1175 454 1232 489 die
1250 462 1372 488 XVIII.
1391 453 1415 488 J
1417 454 1493 488 ulii.
1530 453 1650 489 Uvion
1668 455 1743 489 loco

346 511 501 545 laudato.

773 609 809 643 S.
837 608 1177 643 CHRONIACUS.
1232 613 1316 644 252.

345 683 380 718 S.
410 683 681 718 CHRONIAcUs
712 694 753 717 eo
785 682 877 716 vixit
905 683 1022 716 seculo
1049 694 1120 727 quo
1148 688 1336 725 nostrates,
1365 683 1500 718 Aidani
1527 685 1742 730 pientissimi

305 767 310 772 .
345 742 439 787 regis
461 741 639 785 auspiciis,
665 740 747 775 fidei
765 740 990 774 Christianae
1013 739 1248 775 fundamenta
1270 741 1308 775 in
1331 740 1467 787 Anglia
1487 743 1664 788 jacebant.
1693 742 1742 777 H.

342 798 518 832 Boethius
530 798 592 832 lib.
608 807 666 832 lx.
684 798 823 833 Histor.
839 797 933 832 Scot.
952 798 1084 843 pagina
1098 806 1270 832 CLXXVI.
1291 803 1312 818 ‘⁶
1325 798 1370 832 In
1384 799 1502 833 Scotia
1520 799 1743 841 Connanum,

342 855 618 897 Columbanum‚
638 856 889 896 Chroniacum,
907 855 1089 895 Dimaum,
1108 855 1332 901 Bigitanum,
1358 861 1394 890 et
1416 856 1646 898 Damianum,
1672 858 1744 892 exi-

341 914 434 948 miae
451 914 595 958 pietatis
614 914 808 959 episcopos,
835 914 931 948 vitae
952 913 1187 947 sanctimonia
1210 914 1420 948 illustratos.
1471 913 1533 948 Ad
1550 915 1615 949 hos
1634 916 1744 960 scrip-

342 983 418 1006 sere
436 972 602 1017 epistolas
622 971 784 1006 Hilarius
803 971 1099 1016 archiepiscopus,
1124 981 1270 1006 servans
1288 975 1374 1005 tunc
1392 973 1509 1007 locum
1527 977 1669 1007 sanctae
1693 984 1744 1007 se-

341 1030 395 1063 dis
414 1030 636 1074 apostolicae,
660 1029 816 1064 Joannes
840 1029 1000 1075 ejusdem
1022 1029 1114 1063 sedis
1138 1029 1373 1069 consiliarius,
1398 1034 1434 1063 et
1451 1030 1556 1065 Joan.
1582 1030 1743 1075 primice-

340 1087 449 1122 rius.’‘
500 1087 553 1122 Ut
570 1092 708 1122 certum
725 1092 779 1121 est
797 1088 1031 1132 episcopalem
1049 1086 1144 1120 hunc
1157 1087 1371 1132 dignitatem
1388 1088 1669 1128 administrasse,
1692 1089 1744 1123 ita

341 1156 448 1190 quam
467 1145 600 1180 rexerit
618 1146 813 1186 ecclesiam,
831 1145 1008 1179 incertum
1026 1148 1126 1189 puto,
1149 1155 1214 1189 pro
1239 1145 1496 1179 consuetudine
1521 1146 1616 1180 illius
1635 1146 1743 1180 seculi

340 1204 436 1248 apud
454 1204 642 1244 no‘strates,
660 1203 752 1237 nulli
770 1207 886 1237 certae
905 1202 979 1237 sedi
997 1201 1108 1236 fuisse
1126 1203 1330 1248 alligatum.
1384 1202 1519 1249 Magna
1544 1204 1657 1248 ipsius
1676 1204 1744 1238 sol-

340 1261 487 1295 licitudo
505 1272 570 1305 pro
588 1261 857 1295 reconciliandis
875 1260 1107 1305 popularibus
1125 1265 1267 1294 sanctae
1285 1261 1359 1294 sedi
1378 1260 1574 1302 Romanae,
1593 1263 1631 1296 in
1657 1262 1744 1296 cele-

339 1318 500 1352 bratione
519 1318 726 1352 Paschatis:
750 1330 791 1352 ea
808 1318 903 1352 enim
921 1322 1000 1352 tum
1017 1317 1179 1362 quaestio
1196 1318 1301 1352 unice
1322 1318 1469 1364 ingenia
1496 1319 1682 1354 exercebat
1705 1320 1743 1353 in

338 1379 462 1410 nostra
479 1376 608 1410 insula.
660 1375 754 1421 Ejus
773 1380 881 1410 sunt:

485 1433 542 1467 De
559 1432 694 1467 Errore
711 1433 750 1467 in
768 1432 906 1467 Pascha
926 1432 1134 1467 celebranda
1390 1433 1452 1468 lib.
1472 1442 1497 1467 1.
1521 1451 1524 1453 ·

486 1490 673 1536 Epistolae
690 1491 736 1524 ad
754 1490 937 1525 Hilarium
1386 1491 1447 1526 lib.
1467 1500 1494 1526 1.

487 1547 686 1582 Concordia
703 1548 799 1582 inter
816 1547 984 1582 Britones
1001 1551 1140 1582 tentata
1386 1549 1448 1584 lib.
1469 1559 1496 1584 1.

387 1604 531 1640 Floruit
548 1616 642 1640 anno
662 1614 834 1639 Dcnxvr.
861 1604 966 1639 Joan.
992 1604 1160 1639 Leslaeus
1186 1604 1248 1639 lib.
1269 1614 1325 1640 Iv.
1344 1617 1426 1653 pag.
1447 1616 1561 1642 CLIX.
1589 1607 1742 1642 Sanctus

337 1662 492 1698 habitus.
537 1662 658 1698 Uvion
678 1663 739 1698 lib.
760 1672 820 1697 111.
840 1660 923 1709 Lig.
942 1662 1019 1697 Vit.
1038 1674 1120 1708 pag.
1140 1671 1319 1698 ccccxn.
1371 1665 1512 1700 Colitur
1530 1674 1620 1700 XXI.
1638 1664 1739 1700 Maii.

796 1777 832 1812 S.
859 1776 1145 1812 CONGANUS.
1199 1779 1283 1813 253.

337 1893 373 1927 S.
393 1892 622 1927 CONGANUS
642 1892 761 1934 abbas,
781 1904 844 1927 seu
863 1892 1067 1939 Cognanus,
1085 1893 1266 1929 miraculis
1291 1896 1419 1930 claruit
1441 1895 1578 1940 (Uvion
1595 1897 1657 1932 lib.
1677 1906 1737 1932 111.

337 1950 419 1997 Lig.
439 1949 515 1985 Vit.
535 1962 617 1997 pag.
637 1959 786 1985 CDXIII.
814 1962 896 1985 eum
922 1955 1042 1984 tamen
1067 1951 1106 1984 in
1133 1962 1268 1986 annum
1287 1961 1436 1988 DCCLX.
1464 1955 1555 1988 male
1580 1956 1737 2002 reponit)

336 2008 468 2054 insigni
487 2009 697 2049 eruditione,
726 2013 762 2042 et
780 2008 875 2042 vitae
901 2009 1114 2042 innocentia.
1167 2008 1343 2045 Successit
1362 2011 1523 2053 Rabano,
1542 2013 1580 2046 in
1599 2012 1734 2047 Gallias

336 2066 381 2099 ad
399 2065 568 2100 Carolum
587 2066 763 2112 Magnum
781 2066 950 2110 profecto,
969 2070 1004 2100 et
1022 2067 1083 2100 diu
1097 2067 1254 2101 creditur
1267 2067 1594 2104 Dumfermelinum
1612 2082 1737 2106 coeno-

336 2123 436 2157 bium
454 2123 734 2158 administrasse.
791 2124 959 2158 Meminit
977 2135 1049 2158 non
1066 2135 1138 2158 uno
1161 2125 1237 2159 loco
1261 2125 1417 2161 Joannes
1442 2127 1633 2163 Fordunus
1656 2128 1734 2163 MS.

337 2179 440 2215 Hect.
461 2180 589 2215 Boeth.
609 2181 669 2215 lib.
690 2190 747 2215 IX.
768 2181 906 2216 Histor.
926 2181 1020 2216 Scot.
1040 2182 1078 2216 in
1095 2181 1174 2216 fine.
1230 2181 1381 2228 Scripsit

486 2237 529 2272 In
548 2237 790 2285 Evangelium
809 2238 960 2273 Joannis
1328 2241 1389 2276 lib.
1410 2251 1437 2276 1.

485 2295 529 2329 In
547 2296 731 2341 Epistolas
750 2296 849 2331 Petri
1331 2300 1392 2334 lib.
1413 2309 1438 2334 I.

486 2353 665 2389 Homilias
684 2366 728 2388 ex
745 2354 884 2389 Sanctis
904 2354 1072 2390 Patribus
1329 2358 1390 2392 lib.
1412 2367 1438 2392 1.

483 2411 764 2447 Exhortationes
783 2413 828 2447 ad
846 2412 991 2447 Fratres
1330 2416 1392 2451 lib.
1413 2425 1438 2450 1.

384 2469 502 2504 Desiit
519 2470 640 2504 vivere
661 2481 755 2505 anno
769 2478 1008 2505 DCCCLXXX.
1028 2473 1084 2506 vel
1102 2483 1196 2507 anno
1215 2481 1260 2507 M.
1306 2472 1411 2509 Hect.
1430 2473 1559 2510 Boeth.
1578 2475 1639 2511 lib.
1660 2485 1716 2510 XI.
