2032 2912
322 323 361 353 16
695 315 923 349 HISTORIA
948 310 1317 345 ECCLESIASTICA

469 414 527 448 Ad
544 410 774 452 Quaestiones
793 407 963 453 Fridigisi
1253 403 1314 437 lib.
1334 412 1359 436 1.

467 471 526 505 Ad
543 469 721 503 Eulaliam
738 467 781 500 de
798 465 951 499 Ratione
968 464 1121 497 Animae
1249 461 1309 495 lib.
1330 469 1355 494 1.

467 527 525 560 Ad
563 525 762 559 Guidonem
801 522 975 557 Comitem
1013 521 1056 554 de
1094 518 1256 553 Veritate

517 582 781 617 Sententiarum
1251 575 1311 609 lib.
1333 583 1357 608 ῐ.

471 640 514 674 In
531 639 676 673 Cantica
693 638 922 672 Canticorum
1256 632 1316 665 lib.
1337 640 1361 665 1.

471 697 515 731 In
532 695 768 741 Evangelium
786 694 809 727 J
812 695 934 728 oannis
1254 690 1315 724 lib.
1335 697 1407 722 vu.

471 754 524 787 De
541 753 743 796 Adoptione
762 751 936 785 Filiorum
1256 746 1317 780 lib.
1337 755 1362 779 1.

473 810 515 844 In
533 809 773 854 Apocalypsin
790 807 938 841 Joannis
1254 803 1315 836 lib.
1336 811 1360 835 1.

470 867 525 901 De
542 865 799 900 Ecclesiasticis
816 862 1061 909 Dignitatibus
1157 860 1160 861 ⁷
1253 859 1314 893 lib.
1333 868 1358 892 1.

470 924 656 968 Speculum
675 922 910 955 Parvulorum
1253 916 1314 950 lib.
1335 925 1360 950 1.

469 982 523 1015 De
541 979 736 1013 Nominum
754 977 820 1010 Dei
838 976 1061 1020 Proprietate
1251 973 1311 1007 lib.
1333 982 1357 1006 1.

469 1037 553 1071 Vita
570 1036 605 1069 S.
623 1034 769 1069 Vedasti
787 1033 955 1077 Episcopi
1253 1030 1314 1064 lib.
1335 1039 1360 1063 1.

467 1093 648 1137 Epistolae
666 1090 710 1124 ad
728 1090 886 1123 diversos
1143 1104 1148 1109 ·
1253 1087 1313 1121 lib.
1335 1096 1359 1120 1.

470 1149 512 1183 In
537 1148 735 1193 Evangelia
759 1145 1029 1179 Dominicorum
1056 1144 1221 1185 Dierum,

514 1205 711 1243 Feriarum,
730 1203 918 1236 Festorum
935 1202 1045 1236 totius
1064 1202 1161 1243 anni,
1251 1202 1312 1236 lib.
1334 1211 1359 1236 1.

467 1262 526 1297 Ex
559 1260 770 1296 Doctoribus
805 1258 997 1293 Catholicis
1033 1258 1213 1293 Homiliae
1253 1267 1386 1293 chlv.

468 1320 511 1354 In
529 1319 692 1354 Genesim
1254 1316 1314 1350 lib.
1335 1324 1360 1349 1.

471 1377 513 1411 In
530 1376 765 1410 Ecclesiasten
1252 1374 1314 1408 lib.
1335 1383 1359 1407 Ι.

469 1435 512 1468 In
529 1433 707 1478 Epistulas
725 1431 828 1465 Pauli
1253 1431 1313 1465 lib.
1333 1439 1417 1464 XIV.

470 1490 703 1525 Enchiridion
720 1489 757 1522 in
774 1489 945 1533 quosdam
966 1489 1126 1524 Psalmos
1252 1488 1312 1522 lib.
1334 1497 1358 1522 1.

471 1547 731 1583 Sententiarum
1252 1546 1312 1587 1ib.3
1332 1555 1357 1580 1.

468 1604 678 1640 Rhetoricae
1255 1603 1316 1638 lib.
1337 1613 1362 1637 1.

374 1664 470 1698 Haec
480 1662 622 1707 quidem
636 1671 745 1705 paene
759 1660 876 1695 omnia
891 1662 967 1695 luce
982 1661 1124 1701 donata,
1136 1661 1179 1695 de
1193 1661 1323 1706 quibus
1337 1661 1493 1706 maligne
1505 1659 1593 1695 Ant.
1609 1660 1708 1695 Cocc-

326 1721 513 1755 Sabellicus
528 1718 687 1752 Ennead.
703 1726 791 1751 vul.
807 1718 868 1752 lib.
888 1727 945 1752 xx.
964 1719 1002 1752 in
1019 1718 1141 1752 limine
1156 1727 1164 1752 ε
1184 1723 1205 1738 “
1218 1717 1395 1752 Alcuinus
1409 1716 1528 1752 Caroli
1546 1729 1708 1762 praecep-

325 1784 390 1817 tor,
408 1778 508 1822 cujus
527 1776 570 1809 ad
588 1780 745 1819 posteros
763 1776 877 1809 multa
898 1779 1097 1815 manarant,
1121 1776 1299 1820 sapienter
1323 1780 1358 1809 et
1381 1775 1449 1820 pie,
1467 1775 1582 1821 magis
1599 1786 1707 1820 quam

325 1835 526 1878 eloquenter
543 1830 783 1866 elucubrata.’'
835 1831 1089 1877 Eloquentiam
1108 1844 1216 1877 quam
1241 1833 1394 1878 requirit
1417 1833 1537 1866 nullus
1562 1833 1643 1866 rudi
1668 1844 1711 1866 eo

326 1892 439 1925 seculo
466 1889 675 1934 possidebat,
700 1894 736 1923 et
759 1889 789 1923 si
813 1889 892 1934 quis
918 1890 1008 1924 alius
1030 1889 1207 1924 Alcuinus
1230 1894 1361 1924 noster.
1414 1889 1576 1934 Aequius
1605 1889 1708 1923 Wer-

327 1958 429 1982 nerus
455 1947 668 1980 Rolevincus
693 1945 853 1986 Laerius,
879 1946 1121 1991 Westphalus,
1149 1946 1378 1981 Carthusiani
1404 1947 1562 1980 instituti
1588 1957 1708 1981 mona-

328 2005 423 2043 chus,
450 2010 572 2038 auctor
596 2003 771 2037 Fasciculi
798 2003 1038 2048 Temporum:
1066 2008 1087 2023 ‘⁶
1104 2002 1291 2044 Alcuinus,
1323 2004 1380 2037 vir
1409 2004 1645 2043 doctissimus,
1673 2010 1706 2038 et

328 2066 465 2095 sanctae
491 2061 595 2100 vitae,
621 2061 736 2094 clarus
761 2061 931 2106 magister
956 2060 1086 2101 Caroli,
1113 2061 1226 2095 multa
1251 2061 1392 2106 scripsit
1414 2065 1449 2095 et
1467 2060 1707 2095 reformavit.”

329 2119 435 2152 Anno
453 2119 584 2152 scilicet
602 2126 776 2151 DCCXCV.

377 2175 500 2219 Nuper
517 2186 599 2209 vero
617 2175 736 2209 studio
754 2174 901 2208 Henrici
920 2174 1054 2209 Canisii
1075 2183 1113 2209 V.
1132 2184 1166 2209 e.
1191 2180 1253 2210 aut
1275 2176 1426 2211 aliorum
1449 2177 1679 2221 prodierunt:

475 2231 637 2275 Epistola
653 2232 695 2265 de
712 2231 950 2266 Confessione.

475 2287 657 2332 Epistolae
676 2297 718 2322 11.
737 2289 834 2323 aliae.

477 2344 666 2379 Dialectica
1255 2347 1315 2381 lib.
1337 2356 1361 2381 1.

478 2400 635 2435 Homilia
651 2402 688 2436 in
705 2404 858 2438 natalem
877 2402 912 2438 S.
932 2402 1153 2439 Willibrordi
1257 2404 1317 2439 lib.
1339 2415 1364 2439 1.
