2032 2912
346 318 408 348 192
724 312 956 346 HISTORIA
981 311 1357 345 ECCLESIASTICA
1414 309 1419 316 ¹

493 410 674 454 Epistolas
692 409 736 442 ad
755 407 880 441 Patres
899 407 1021 440 Scotos
1040 407 1078 440 in
1096 406 1223 453 Belgio
1432 407 1493 442 lib.
1513 417 1538 441 1.

393 469 493 502 Obiit
516 477 572 500 an.
595 473 863 499 mccccxmfu.
888 464 1015 498 Franc.
1041 463 1210 510 Gonzaga
1233 476 1309 509 par.
1336 474 1396 499 111.
1423 466 1467 499 de
1489 464 1592 511 Orig.
1619 466 1736 512 Relig.

346 526 463 568 Sei-ap.
501 534 582 568 pag.
611 530 865 556 DcchLvnI.
890 526 926 555 et
949 521 1114 566 frequens
1138 521 1360 567 Antverpiae
1382 524 1459 569 ejus
1483 522 1613 567 piaque
1637 529 1735 558 extat

345 592 521 615 memoria.

791 677 1148 712 CHRISTIANUS.
1202 676 1284 712 346.

344 754 635 792 CHRISTIANUS,
665 751 845 785 Candidae
871 751 982 786 Casae
1007 753 1203 797 episcopuS,
1229 752 1377 786 concilio
1403 752 1623 787 Londinensi
1650 755 1736 787 cele-

343 812 445 845 brato
467 822 488 844 a
513 810 693 844 Richardo
718 808 969 843 Cantuariensi
992 809 1255 853 archiepiscopo
1279 809 1345 843 sub
1371 809 1528 843 Henrico
1553 809 1601 844 ΙΙ.
1629 811 1737 845 inter-

343 868 438 909 fuit3
473 880 514 902 ea
543 868 636 901 enim
667 871 878 911 tempestate
908 867 1052 901 ecclesia
1087 866 1225 901 Scotica
1259 868 1419 901 nondum
1451 867 1621 911 primates
1653 879 1736 902 suos

342 926 524 960 habuerat.
558 926 650 971 Rog.
665 925 708 958 de
723 924 863 958 Hoved.
878 923 1008 958 Annal.
1021 936 1096 969 par.
1113 933 1156 958 11.
1171 936 1252 970 pag.
1269 933 1416 958 cccxx.
1446 924 1536 958 Mox
1548 936 1569 958 a
1581 924 1737 959 Viviano

342 983 377 1017 S.
404 984 449 1017 R.
473 983 518 1017 E.
545 983 734 1022 cardinale,
763 986 799 1016 et
825 982 864 1016 in
890 981 1009 1016 Scotia
1031 983 1224 1027 apostolico
1247 983 1376 1027 legato,
1402 982 1498 1026 quod
1521 982 1668 1016 concilio
1692 983 1736 1016 ad

342 1040 507 1075 Castrum
535 1041 741 1075 Puellarum
764 1041 897 1074 indicto
923 1040 1092 1074 interesse
1117 1039 1243 1079 noluit,
1269 1039 1378 1073 sacris
1403 1038 1626 1079 interdictus,
1654 1044 1689 1073 et
1715 1051 1736 1073 a

342 1098 533 1142 pontificali
552 1097 664 1132 officio
683 1108 888 1143 suspensus,
907 1097 1060 1132 Romam
1078 1097 1298 1141 provocavit.
1351 1096 1501 1140 Scripsit

488 1155 582 1190 Acta
600 1155 751 1190 Concilii
769 1155 1007 1190 Londinensis
1428 1154 1489 1187 lib.
1511 1163 1536 1187 1.

488 1213 758 1248 Provocationis
772 1214 817 1247 ad
830 1212 1074 1257 Apostolicam
1088 1211 1214 1245 Sedem
1229 1211 1401 1246 Rationes
1428 1211 1489 1246 lib.
1510 1221 1535 1245 1.

390 1271 531 1306 Floruit
549 1283 642 1306 anno
662 1279 886 1306 Mcnxxvn.

754 1386 790 1420 S.
818 1384 1178 1419 COLUMBANUS.
1233 1386 1315 1422 347.

340 1502 374 1535 S.
396 1502 682 1537 COLUMBANUS
700 1502 819 1542 abbas,
837 1501 991 1547 Dagami
1010 1500 1164 1544 episcopi
1187 1504 1406 1540 coaetaneus,
1430 1500 1568 1534 fidelem
1592 1512 1734 1545 operam

341 1561 384 1594 ad
403 1572 525 1606 pacem
543 1561 637 1594 inter
653 1560 808 1604 patriam
825 1564 861 1593 et
879 1558 1125 1592 Britannicam
1149 1557 1330 1591 ecclesiam
1355 1558 1612 1592 conciliandam
1634 1570 1733 1603 prae-

344 1619 448 1660 stitit,
475 1624 517 1653 ut
547 1629 591 1652 ex
616 1618 718 1662 epist.
744 1617 931 1651 Laurentii
957 1616 1055 1650 Justi
1084 1620 1119 1649 et
1147 1615 1278 1648 Melliti
1302 1614 1504 1661 Anglorum
1528 1618 1734 1660 praesulum

338 1679 505 1712 docemur
522 1676 618 1721 apud
637 1674 782 1709 Henric.
804 1674 1019 1707 Huntindon
1037 1673 1097 1707 lib.
1119 1681 1179 1706 111.
1200 1671 1392 1706 Historiar.
1412 1683 1493 1718 pag.
1511 1682 1732 1708 CLXXXVII.

341 1735 414 1769 Scri
443 1735 490 1769 sit

418 1746 440 1779 p
486 1792 667 1836 Epistulas
687 1791 730 1825 ad
750 1789 925 1824 Ecclesias
944 1789 1170 1823 Britannicas
1428 1789 1489 1823 lib.
1511 1798 1535 1822 1.

487 1849 668 1894 Epistolas
687 1849 731 1882 ad
750 1846 955 1882 confratres
974 1846 1096 1881 Scotos
1428 1847 1488 1880 lib.
1510 1856 1534 1880 Ι.

390 1909 530 1942 Floruit
549 1918 641 1941 anno
661 1914 820 1940 Dxcvn.
848 1904 987 1938 Colitur
1002 1913 1070 1938 Xv.
1093 1901 1221 1938 Octob.
1247 1903 1426 1939 Videntur
1439 1904 1560 1938 eodem
1575 1908 1733 1948 tempore

340 1967 409 1999 duo
427 1967 533 2011 hujus
552 1965 705 1999 nominis
723 1963 843 1997 fuisse.

719 2078 950 2114 JOANNES
976 2078 1217 2113 CUMINUS.
1273 2080 1354 2112 348.

343 2196 531 2230 JOANNES
561 2197 745 2235 Cuminus,
781 2207 825 2230 ex
859 2195 1078 2229 nobilissimo
1106 2195 1276 2229 comitum
1306 2194 1513 2229 Buchaniae
1544 2199 1730 2229 stemmate

344 2258 453 2292 ortus,
485 2253 628 2287 Banfiae
658 2258 775 2294 natus,
806 2253 995 2287 falsissime
1024 2253 1118 2287 inter
1147 2251 1285 2298 Anglos
1315 2254 1511 2297 reponitur,
1542 2263 1622 2286 cum
1654 2253 1729 2296 ipse

345 2311 492 2343 viderim
519 2311 689 2354 quaedam
716 2311 828 2355 ipsius
854 2322 967 2355 nuper
992 2310 1139 2345 Parisiis
1165 2311 1307 2355 scripta,
1340 2310 1469 2355 quibus
1496 2321 1642 2344 suorum
1669 2321 1730 2354 po-

343 2368 506 2411 pulorum
539 2378 679 2401 causam
709 2367 866 2411 pontifici
894 2368 1006 2402 Lucio
1033 2368 1293 2402 commendavit
1323 2368 1362 2401 in
1388 2367 1600 2401 bibliotheca
1627 2366 1728 2400 Pauli

345 2424 482 2458 Petavii
526 2425 697 2458 senatoris
742 2424 964 2465 Parisiensis,
1011 2430 1045 2460 et
1085 2425 1187 2460 Joan.
1231 2424 1420 2460 Fordunus
1454 2425 1514 2459 lib.
1553 2433 1606 2457 lv·
1648 2434 1728 2457 eum
