2032 2912
350 309 415 339 284
738 307 971 341 HISTORIA
998 308 1373 341 ECCLESIASTICA

353 404 565 450 Duglassm,
583 406 618 437 et
637 403 698 436 alii
716 414 856 437 morum
877 404 1056 439 suavitate
1082 416 1122 438 ac
1148 405 1311 439 doctrina
1336 405 1507 451 insignes.
1566 405 1758 441 Florianus

351 474 457 507 porro
483 466 537 495 est
563 460 609 495 D.
637 460 822 496 Foillanus
849 462 893 496 de
918 474 990 507 quo
1016 474 1136 507 supra,
1190 462 1303 498 Errat
1332 463 1370 497 in
1398 463 1661 510 Martyrologio
1688 475 1754 497 suo

351 520 521 553 Rabanus
539 530 547 552 ε
577 523 597 538 “
616 518 660 552 In
677 530 771 565 pago
790 519 982 554 Mandinse
1000 520 1037 553 in
1057 520 1198 555 Perona
1211 522 1429 556 monasterio
1443 522 1619 566 depositio
1634 521 1756 556 Sancti

352 576 500 610 Fursaei
519 576 742 617 confessoris,
768 577 831 622 qui
854 577 892 611 in
918 577 1095 613 Hibernia
1121 584 1227 613 natus
1252 585 1287 613 et
1314 580 1486 619 nutritus,
1513 580 1669 624 patriam
1694 590 1756 624 pa-

349 638 537 679 rentesque
555 635 760 679 relinquens
778 646 898 670 sacrae
916 634 1122 681 Scripturae
1140 638 1270 671 studiis
1289 638 1426 682 aliquot
1446 638 1595 672 vacabat
1622 637 1726 671 annis
1741 650 1751 679 ;

349 692 442 725 unde
460 693 717 727 monasterium
735 693 774 727 in
792 695 948 739 quodam
969 695 1171 729 construxit
1196 696 1272 730 loco
1288 706 1297 736 ;
1326 696 1388 729 sed
1414 696 1501 730 dum
1520 696 1674 740 patriam
1694 707 1757 740 pa-

348 755 537 795 rentesque
564 751 710 785 visitare
736 757 954 797 properaret,
981 758 1022 787 ut
1048 754 1143 788 inter
1162 754 1242 788 illos
1269 754 1360 788 sacri
1379 754 1479 788 verbi
1498 754 1635 788 semina
1653 754 1756 798 spiri-

347 809 504 842 tualibus
523 809 715 844 seminaret
733 810 895 855 eloquiis,
914 811 1069 856 quadam
1087 812 1145 845 die
1171 812 1330 857 corporis
1350 812 1573 858 aegrotantis
1592 812 1756 846 molestia

347 868 550 913 corripitur,
576 880 616 902 ac
634 869 753 904 subito
771 874 853 914 post
870 871 908 904 in
927 871 1079 905 extasim
1097 874 1233 915 raptus,
1256 870 1373 916 jacuit
1400 870 1503 915 quasi
1530 869 1707 904 exanimis
1734 881 1755 904 a

346 927 549 971 vespertina
566 927 656 961 hora
673 939 788 973 usque
805 929 851 962 ad
869 929 954 976 galli
974 933 1117 963 cantum
1134 939 1144 968 ;
1175 928 1235 962 sed
1263 929 1350 962 dum
1377 928 1422 962 ad
1440 939 1477 961 se
1495 928 1630 961 rediret
1647 938 1756 974 agno-

347 986 401 1020 vit
418 986 615 1031 angelicam
634 996 710 1020 esse
736 986 923 1027 visionem,
951 992 986 1021 et
1014 991 1159 1032 sumpto
1183 997 1329 1031 corpore
1355 990 1392 1020 et
1417 985 1592 1032 sanguine
1619 985 1755 1020 Christi

341 1044 456 1089 jacuit
475 1043 639 1078 infirmus
658 1044 736 1089 ipso
755 1045 812 1078 die
831 1049 866 1079 et
884 1046 1008 1085 altero,
1027 1046 1136 1080 tertia
1154 1056 1239 1079 vero
1257 1049 1360 1079 nocte
1386 1045 1519 1079 iterum
1546 1043 1592 1078 ab
1618 1044 1754 1090 angelis

344 1101 506 1136 sublatus
524 1102 705 1136 mirabiles
725 1103 818 1137 vidit
836 1103 1004 1144 visiones,
1024 1104 1117 1138 sicut
1134 1103 1225 1137 liber
1243 1103 1340 1137 vitae
1357 1103 1471 1148 ipsius
1490 1106 1663 1143 testatur3
1692 1103 1753 1136 sed

343 1164 532 1205 postquam
552 1160 596 1194 ad
614 1171 651 1194 se
668 1161 787 1201 rediit,
808 1170 884 1195 XII.
903 1173 1015 1195 annos
1034 1162 1072 1195 in
1090 1161 1354 1207 praedicatione
1374 1160 1474 1195 verbi
1494 1159 1573 1201 Dei,
1591 1164 1627 1195 et
1645 1160 1752 1195 mira-

343 1220 505 1252 culorum
523 1218 736 1253 clarescebat
754 1219 868 1266 signis
885 1229 892 1253 :
920 1220 1114 1254 novissime
1133 1231 1218 1253 vero
1236 1219 1274 1253 in
1294 1219 1412 1254 Gallia
1425 1218 1652 1253 monasteriis
1671 1230 1753 1253 con-

342 1277 498 1317 structis,
517 1277 593 1321 ipse
611 1276 713 1311 bonis
732 1282 858 1311 auctus
876 1278 1014 1312 meritis
1033 1278 1115 1312 inde
1135 1278 1306 1323 migravit
1324 1278 1370 1312 ad
1396 1276 1595 1318 Christum,
1622 1288 1750 1322 corpus

343 1347 428 1369 vero
446 1335 523 1381 ejus
550 1335 596 1370 ab
622 1334 851 1370 Ercanwallo
878 1337 977 1376 duce,
1005 1341 1040 1371 et
1066 1336 1214 1370 caeteris
1242 1335 1417 1375 fidelibus,
1445 1335 1484 1368 in
1511 1334 1652 1369 Perona
1678 1346 1753 1369 mo-

344 1393 501 1428 nasterio
533 1394 571 1427 in
604 1393 750 1428 ecclesia
780 1393 816 1428 S.
847 1393 947 1428 Petri
978 1394 1141 1439 apostoli,
1175 1398 1210 1428 et
1242 1398 1464 1427 caeterorum
1494 1393 1749 1437 apostolorum,

338 1452 448 1498 juxta
465 1452 577 1486 altare
602 1451 798 1486 honorifice
825 1452 1009 1486 conditum
1036 1451 1124 1487 est.'’
1176 1450 1363 1486 Notkerus
1391 1451 1578 1491 Balbulus,
1611 1455 1648 1485 et
1675 1451 1751 1496 ipse

342 1510 597 1556 Martyrologii
616 1514 751 1550 auctor,
770 1521 852 1545 cum
872 1521 913 1544 eo
930 1510 1039 1545 etiam
1056 1511 1095 1545 in
1112 1515 1219 1557 gente
1237 1510 1359 1554 lapsus
1377 1518 1385 1543 ε
1414 1514 1435 1528 “
1453 1508 1498 1543 In
1524 1520 1618 1556 pago
1644 1509 1751 1544 Man-

340 1569 447 1603 ‹lense
465 1569 504 1602 in
522 1568 662 1602 Perona
680 1569 897 1603 monasterio
915 1568 950 1603 S.
970 1568 1120 1603 Fursaei
1136 1568 1400 1608 Hiberniensis‚
1415 1567 1477 1612 qui
1493 1568 1536 1601 de
1550 1567 1617 1602 hoc
1632 1569 1750 1602 seculo

339 1631 464 1672 raptus
482 1627 598 1660 multa
614 1626 794 1660 mirabilia
820 1627 1017 1671 conspexit,
1044 1631 1080 1661 et
1104 1637 1271 1661 reversus
1298 1625 1512 1660 mortalibus
1539 1625 1749 1659 admiranda

339 1685 513 1725 narravit,
542 1695 582 1718 ac
609 1684 840 1730 postmodum
865 1685 904 1719 in
930 1689 1075 1719 austera
1101 1684 1331 1718 destrictione
1358 1683 1609 1729 demigravit.”
1660 1682 1749 1718 Vin-

338 1748 429 1778 cent.
467 1743 606 1788 Specul.
642 1742 704 1777 lib.
741 1751 868 1777 xxm,
900 1754 976 1788 cap.
1013 1752 1165 1777 LXXXI.
1202 1750 1370 1776 Lxxxn.
1408 1750 1594 1776 Lxxxm.
1649 1741 1748 1776 Petri

339 1801 551 1836 venerabilis
583 1813 684 1836 error
713 1802 905 1842 tollendus,
937 1801 999 1847 qui
1030 1802 1092 1836 lib.
1125 1811 1183 1835 XI.
1215 1812 1291 1845 cap.
1324 1809 1454 1834 CXXX.
1492 1798 1658 1834 Fuscum
1689 1800 1748 1834 de-

339 1866 489 1905 pravate
515 1866 628 1894 vocat.
679 1859 840 1894 Exstant
857 1860 985 1905 hymni
1005 1869 1047 1894 11.
1075 1860 1113 1894 in
1139 1860 1217 1906 ejus
1244 1859 1359 1893 sancti
1385 1859 1539 1899 laudem,
1565 1870 1655 1904 quos
1682 1858 1748 1892 Pe-

339 1924 417 1954 trus
454 1919 667 1954 Peronensis
703 1917 960 1953 Benedictinus
989 1918 1269 1953 communicavit
1299 1928 1381 1951 cum
1412 1915 1576 1951 Arnoldo
1604 1916 1747 1951 Uvione

338 1978 399 2013 lib.
429 1987 489 2013 111.
517 1977 600 2024 Lig.
627 1976 736 2012 Vitae
762 1987 845 2023 pag.
874 1986 993 2012 XXVI.
1046 1977 1168 2013 Verba
1193 1976 1302 2011 etiam
1330 1975 1514 2009 Francisci
1541 1975 1745 2021 Maurolyci

340 2048 529 2082 apponam,
544 2036 640 2082 quod
653 2035 858 2070 Foillanum
873 2037 1027 2081 appellet
1037 2032 1247 2075 Folianum,
1262 2038 1298 2069 et
1312 2045 1384 2068 uno
1398 2034 1455 2068 die
1467 2034 1577 2068 trium
1590 2033 1744 2068 fratrum

339 2096 376 2129 in
399 2094 663 2140 Martyrologio
689 2104 755 2128 suo
781 2094 1001 2128 mentionem
1028 2093 1147 2134 faciat,
1174 2104 1256 2128 cum
1282 2096 1420 2127 constet
1446 2092 1598 2126 diversis
1620 2092 1745 2126 diebus

340 2153 526 2187 colendos:
553 2153 604 2187 ita
622 2153 705 2186 ille:
734 2156 755 2171 ‘⁶
774 2151 917 2187 Parona
934 2152 1152 2186 monasterio
1171 2151 1322 2186 Fui-saei
1341 2150 1492 2191 abbatis,
1511 2155 1547 2184 et
1564 2150 1688 2184 fratris
1707 2150 1743 2184 S.

340 2211 480 2244 Foliani
505 2211 688 2256 martyris,
714 2210 778 2255 qui
804 2215 929 2256 raptus
958 2211 995 2244 in
1021 2211 1174 2245 extasim
1200 2210 1315 2244 multa
1341 2209 1437 2243 vitae
1463 2209 1611 2243 alterius
1636 2209 1744 2243 mira-

340 2269 425 2302 bilia
443 2268 585 2310 vidisse,
606 2273 714 2314 atque
732 2269 770 2303 in
797 2268 986 2309 Hibernia,
1014 2268 1143 2309 Scotia,
1173 2274 1209 2304 et
1235 2269 1314 2303 aliis
1341 2267 1475 2303 Oceani
1499 2266 1668 2302 Glacialis
1692 2268 1744 2302 in-

341 2326 440 2366 sulis,
460 2326 546 2360 item
564 2327 602 2360 in
621 2326 779 2362 saxonia
797 2328 1031 2372 praedicasse,
1052 2332 1087 2362 et
1111 2329 1148 2362 in
1167 2327 1285 2362 Gallia
1303 2327 1482 2372 quievisse
1499 2324 1743 2371 perhibetur.”

339 2383 397 2418 Ita
424 2383 538 2418 bonus
569 2385 628 2418 ille
657 2385 801 2420 Siculus
830 2385 986 2429 Scotiam
1016 2391 1052 2421 et
1081 2386 1296 2420 Hiberniam
1325 2384 1493 2419 Glacialis
1525 2384 1659 2418 Oceani
1686 2384 1740 2417 in-

339 2443 434 2477 sulas
453 2442 684 2477 existimavit.
737 2442 806 2479 Est
834 2448 869 2478 et
895 2445 1029 2479 mentio
1056 2445 1093 2479 in
1122 2443 1312 2478 Addition.
1341 2442 1481 2477 Molani
1507 2442 1553 2477 ad
1580 2441 1738 2476 Usuardi
