2032 2912
350 288 391 319 64
727 280 957 315 HISTORIA
982 275 1360 310 ECCLESIASTICA

351 382 479 416 matico
501 376 802 424 praestantissimo
826 372 986 407 Petronii
1009 381 1140 406 novam
1162 369 1354 404 editionem
1377 368 1561 413 inscripsit
1585 367 1742 402 Joannes

353 436 613 472 Bourdelotius.
664 432 792 466 Edidit

494 490 730 536 Apollonium
749 487 946 533 Pergaeum
965 485 1183 520 Redivivum.
1338 484 1400 519 lib.
1420 493 1445 518 1.

493 546 675 592 Apollonii
694 544 860 579 Redivivi
878 543 1177 587 Supplementum
1338 542 1399 576 lib.
1420 551 1445 576 1.

491 605 551 639 Ad
576 603 801 650 Angularum
827 600 1032 635 Sectionum
1061 598 1277 644 Analyticen

542 661 777 695 Theoremata
793 658 1036 703 καθολικῶτεξοι
1338 656 1399 691 lib.
1421 665 1445 691 1.

495 717 734 764 Aetiologiam
1338 714 1400 749 lib.
1420 722 1445 748 Ι.

398 776 500 811 Vivit
522 775 636 809 adhuc
661 773 836 813 Lutetiae,
863 777 898 807 et
922 773 1027 817 plura
1052 771 1166 806 indies
1190 770 1342 816 posteris
1363 771 1537 816 juvandis
1563 773 1739 816 procudit.

352 834 476 879 Nuper
494 842 530 867 V.
550 841 612 866 eL.
640 831 817 865 Henricus
835 829 990 864 Savilius
1014 839 1120 874 eques
1144 827 1306 862 Oxoniae
1328 827 1582 872 professionem
1606 829 1741 863 mathe-

349 892 512 926 maticam
530 889 686 923 instituit
704 887 939 933 septingentis
958 887 1075 920 aureis
1093 886 1264 925 dotatam,
1282 885 1504 919 memorabili
1522 896 1607 919 sane
1625 897 1740 920 exem-

348 950 416 992 plo,
434 952 475 981 ut
492 947 566 981 sint
589 945 706 980 omnia
729 945 767 978 in
793 945 936 978 homine
959 944 1021 978 illo
1044 954 1136 977 rara.
1189 941 1332 987 Dignus
1356 941 1388 976 ei
1413 942 1512 976 visus
1537 941 1742 976 Alexander

349 1005 578 1038 Andersonus
597 1002 733 1042 unicus,
751 1002 813 1046 qui
832 1006 973 1036 tantum
991 999 1179 1047 dignitatis
1197 999 1334 1040 subeat,
1360 999 1480 1044 sitque
1504 999 1642 1043 primus
1668 1010 1740 1033 ma-

349 1062 486 1095 theseos
504 1060 541 1094 in
558 1070 668 1105 reguo
684 1058 896 1105 Anchano,
915 1058 1007 1093 bono
1025 1057 1153 1098 omine,
1171 1055 1363 1102 professor.

641 1156 874 1192 GULIELM
881 1156 940 1191 US
965 1154 1304 1191 ALEXANDER.
1359 1156 1377 1189 1
1384 1157 1441 1193 17.

347 1234 592 1267 GULIELMUS
608 1231 824 1272 Alexander,
843 1232 900 1266 vir
916 1231 1046 1266 nobilis
1064 1235 1100 1264 et
1117 1229 1290 1270 eruditus,
1310 1239 1425 1273 nuper
1442 1230 1598 1274 equestri
1623 1230 1739 1276 digni-

348 1295 419 1324 tate
437 1296 592 1331 ornatus,
611 1289 782 1335 magister
799 1289 907 1323 etiam
925 1288 1125 1323 libellorum
1143 1286 1345 1331 supplicum
1363 1297 1429 1331 pro
1452 1297 1564 1333 regno
1589 1286 1738 1327 Scotiae‚

346 1348 458 1381 multa
482 1348 582 1382 suavi
608 1348 701 1392 stylo
728 1351 764 1381 et
788 1346 958 1381 melliflua
983 1356 1075 1379 vena
1100 1344 1222 1385 edidit,
1246 1344 1308 1379 sed
1338 1344 1384 1378 ad
1408 1354 1465 1378 me
1488 1344 1574 1379 haec
1597 1349 1739 1379 tantum

349 1411 521 1439 venerunt
538 1406 726 1439 vernacula
743 1404 868 1451 lingua
884 1403 1083 1448 conscripta
1098 1414 1108 1437 ε

492 1461 709 1508 Tragoediae
727 1470 799 1496 vn.
1332 1459 1392 1495 lib.
1414 1468 1438 1494 1.
1472 1476 1474 1478 ·

494 1519 724 1564 Comparatio>
738 1518 888 1553 Henrici
907 1517 973 1553 IV.
993 1517 1192 1553 Galliarum
1209 1516 1332 1564 Regis,

540 1581 575 1611 et
591 1576 615 1610 J
617 1577 681 1611 ulii
699 1576 873 1617 Caesaris,
1331 1574 1392 1609 lib.
1412 1583 1438 1609 Ι.

491 1634 609 1668 Horae
627 1629 743 1668 xxiv.
763 1634 806 1668 de
820 1633 954 1668 >Mundi
970 1632 1160 1668 Creatione
1330 1632 1392 1666 lib.
1413 1640 1437 1666 1.

493 1691 662 1726 Poemata
679 1691 778 1726 varia
1329 1689 1391 1724 lib.
1411 1698 1437 1723 1.

492 1748 721 1783 Continuatio
739 1748 914 1783 Arcadiae
932 1748 1075 1783 Sidnaei
1331 1746 1393 1781 lib.
1413 1755 1438 1780 1.

394 1806 495 1841 Vivit
513 1806 636 1847 adhuc,
654 1811 690 1841 et
706 1807 744 1841 in
761 1807 875 1841 aulico
892 1806 1045 1851 strepitu
1064 1805 1190 1840 Musas
1207 1815 1347 1840 secessu
1359 1804 1622 1851 jucundissimo
1640 1806 1733 1840 colit.

678 1904 910 1940 JOANNES
936 1902 1261 1939 ADAMSONUS.
1317 1905 1397 1938 118.

349 1978 537 2013 JOANNES
563 1978 790 2014 Adamsonus
815 1979 1136 2020 Sanctandreanus,
1162 1978 1250 2013 inibi
1278 1978 1523 2023 philosophiae
1546 1977 1735 2023 professor,

349 2036 540 2070 etiamnum
557 2036 661 2070 hodie
681 2036 837 2077 celebris,
856 2036 967 2071 edidit
985 2038 1108 2077 multa,
1127 2037 1189 2070 sed
1206 2047 1272 2082 ego
1289 2040 1429 2075 tantum
1448 2036 1522 2069 vidi

493 2093 741 2128 Collectionem
760 2093 971 2128 Poematum
990 2094 1172 2129 variorum
1193 2093 1231 2127 in
1250 2092 1361 2139 Regis
1379 2093 1574 2128 adventum
1591 2093 1651 2127 lib.
1672 2102 1697 2126 1.

643 2191 903 2227 HENRICUS
927 2191 1280 2227 ANDERSONUS.
1334 2193 1416 2230 119.

639 2248 853 2283 ADAMUS
877 2249 1231 2284 ANDERSONUS.
1287 2251 1366 2284 120.

641 2303 938 2340 GULIELMUS
963 2305 1266 2341 ARESKINUS.
1321 2309 1404 2342 121.
1424 2304 1426 2306 ’

352 2377 411 2410 ET
436 2376 473 2410 hi
499 2376 578 2416 viri,
602 2378 698 2418 clari,
721 2378 751 2412 si
773 2379 934 2413 abdicata
955 2379 1092 2414 haeresi
1110 2380 1214 2415 fidem
1232 2382 1398 2427 amplecti
1416 2381 1622 2421 voluissent,
1640 2382 1734 2427 regis

351 2444 527 2468 accessum
544 2433 589 2467 ad
606 2432 727 2468 Seotos
744 2436 928 2479 poematiis
952 2436 1026 2470 suis
1053 2438 1270 2479 extulerunt,
1296 2439 1387 2474 libro
1411 2450 1432 2473 a
1453 2438 1509 2474 Jo.
1528 2438 1735 2474 Adamsono

351 2502 464 2535 nuper
481 2490 598 2532 edito3
625 2491 668 2525 de
684 2503 755 2536 quo
770 2493 857 2536 quid
874 2493 971 2528 aliud
988 2494 1114 2536 dicam,
1134 2495 1202 2530 nisi
1221 2496 1351 2531 librum
1370 2508 1445 2531 esse
1459 2496 1475 2530 ?
