2032 2912
696 346 873 380 GENTIS
897 344 1174 384 SCOTORUM‚
1199 344 1289 377 LIB.
1313 345 1340 377 Ι.
1674 343 1718 377 39

323 443 390 478 sub
407 442 551 478 nomine
569 441 627 476 Pii
646 440 695 476 11.
714 446 835 475 tamen
852 440 938 485 quia
960 441 1099 486 legatus
1122 440 1161 474 in
1185 439 1309 475 Scotia‘
1327 438 1410 480 fuit,
1434 443 1470 473 et
1493 449 1549 473 res
1574 429 1715 473 nostras

324 501 465 546 scriptis
483 500 557 534 suis
576 498 782 538 illustravit,
805 508 997 542 pacemque
1021 496 1178 542 Eugenii
1203 496 1269 531 IV.
1294 497 1463 531 mandato
1487 495 1649 536 confecit,
1673 500 1716 530 ut

325 558 433 592 habet
460 557 566 591 Hect.
590 555 719 590 Boeth.
743 554 804 588 lib.
829 563 933 588 XVII.
956 554 995 587 in
1017 553 1097 594 fine,
1123 558 1159 587 et
1181 554 1273 588 hanc
1296 555 1509 600 legationem
1532 554 1572 588 in
1593 552 1717 587 biblio·

324 616 428 650 theca
451 625 517 649 sua
541 612 689 647 Senensi
712 611 751 645 in
773 611 853 655 ipsa
874 610 1149 655 metropolitana
1170 611 1254 644 aede
1278 611 1424 658 depingi
1447 611 1573 652 voluit,
1600 612 1717 645 locum

323 672 419 706 hunc
436 672 475 705 in
491 669 758 705 nomenclatura
776 667 995 709 Scoticorum
1014 667 1229 711 scriptorum
1246 667 1402 702 habebit.
1454 667 1548 714 Ejus
1562 672 1658 708 sunt,
1675 672 1718 702 ut

323 739 424 763 sacra
448 739 521 762 non
545 727 734 772 attingam,
762 736 893 771 magna
918 729 1019 770 parte
1044 724 1084 758 111
1109 723 1228 758 Scotia
1254 729 1378 759 nostra
1403 726 1559 770 scripta:
1589 726 1717 759 saltem

324 785 445 820 omnia
462 788 565 819 erant
581 784 668 818 haec
685 784 723 817 in
748 782 962 817 bibliotheca
984 782 1121 816 insulae
1145 781 1275 823 Maiae,
1299 786 1342 816 ut
1364 793 1410 816 ex
1433 783 1548 816 indice
1571 786 1720 827 apparet

324 842 420 877 illius
444 843 537 883 loci;
565 846 601 876 et
618 845 723 886 putat
741 840 919 874 Henricus
938 839 1118 874 Sinclarus
1141 839 1180 873 in
1202 838 1357 884 Synopsi
1380 850 1455 880 sua,
1478 840 1608 880 omnia,
1632 839 1718 873 dum

325 901 463 935 sederet
488 899 660 944 pontifex,
687 899 725 932 111
750 897 906 932 Scotiam
931 898 1044 932 relata
1068 908 1132 942 per
1149 902 1318 938 oratores,
1336 897 1541 942 episcopum
1558 896 1718 931 Dunkel-

325 958 468 992 densem
487 962 523 992 et
539 956 799 991 Archibaldum
818 954 1044 989 Grahimum.

376 1015 514 1049 Mansit
530 1015 569 1049 111
585 1013 705 1049 Scotia
722 1023 833 1048 annos
851 1021 895 1047 11.
935 1012 1035 1047 Sedit
1048 1012 1087 1046 in
1104 1011 1204 1046 Petri
1222 1012 1390 1047 cathedra
1407 1023 1520 1048 annos
1539 1020 1593 1047 xv.
1618 1012 1719 1047 Obiit

327 1071 507 1107 Anconae.

784 1168 1146 1203 ADENULPHUS.
1199 1171 1259 1204 58.

324 1243 629 1278 ADENULPHUM
664 1242 881 1277 celeberrimi
915 1243 1122 1277 monasterii
1166 1242 1349 1277 Farfensis
1389 1242 1554 1277 abbatem
1597 1252 1718 1278 XLIII.

325 1299 471 1335 Scotum
484 1300 604 1341 fuisse,
620 1311 664 1334 ex
677 1299 811 1334 tabulis
825 1299 986 1344 ejusdem
999 1299 1066 1333 loci
1080 1300 1284 1334 admoneor.
1312 1299 1399 1333 Fuit
1413 1299 1444 1333 is
1455 1300 1500 1334 ab
1512 1299 1720 1336 Innocentio

326 1357 375 1392 11.
402 1358 441 1392 in
465 1368 655 1392 numerum
680 1356 915 1391 cardinalium
941 1356 1098 1397 allectus,
1125 1361 1161 1391 et
1182 1357 1363 1403 egregiam
1385 1368 1529 1401 operam
1546 1362 1720 1392 sanctam·

326 1426 396 1460 que
413 1415 577 1450 ecclesiae
593 1414 871 1460 propugnandae
893 1413 1079 1458 impendit.
1108 1414 1333 1449 Memoratur
1350 1426 1372 1448 a
1390 1414 1415 1448 J
1417 1415 1524 1449 acobo
1541 1414 1720 1460 Cheyneo,

326 1473 372 1507 ab
389 1472 579 1518 Onuphrio
597 1471 787 1512 Panvinio,
804 1470 969 1506 Arnoldo
987 1470 1140 1512 Uvione,
1158 1475 1195 1506 et
1211 1472 1302 1506 aliis.
1341 1471 1404 1506 An
1421 1472 1557 1518 aliquid
1573 1472 1722 1517 scripse-

326 1530 386 1571 rit,
404 1531 591 1567 incertum.
619 1565 623 1568 Α

376 1587 524 1622 Electus
538 1587 646 1621 abbas
659 1597 752 1621 anno
767 1593 927 1619 MDcxl..
959 1585 1168 1621 Praedictae
1182 1586 1335 1622 tabulae.
1366 1586 1548 1627 Quamdiu
1560 1586 1721 1632 praefue-

327 1645 387 1686 rit,
405 1649 468 1679 aut
485 1645 628 1689 quando
646 1643 784 1683 obierit,
803 1654 876 1677 non
894 1643 1121 1688 deprehendi.

816 1739 1114 1776 ANONYMUS.
1166 1743 1225 1781 59.

326 1816 570 1850 ANONYMUS
591 1816 659 1849 iste
685 1815 884 1849 insularum
910 1814 1129 1849 Scoticarum
1154 1816 1339 1860 episcopus
1366 1816 1433 1850 sub
1452 1815 1551 1862 Rege
1568 1816 1718 1857 Davide,

327 1884 372 1907 ex
390 1873 566 1907 Furnesio
583 1871 785 1919 Anglicano
801 1872 1028 1913 monasterio,
1046 1872 1104 1906 vir
1120 1877 1261 1907 astutus
1279 1877 1315 1907 et
1331 1872 1443 1914 vafer,
1467 1873 1519 1907 ait
1536 1872 1719 1908 Arnoldus

329 1930 452 1964 Uvion
469 1930 530 1963 lib.
547 1937 591 1963 11.
610 1928 717 1975 Lign.
732 1928 839 1963 Vitae
852 1939 928 1973 cap.
946 1937 1035 1963 L111.
1050 1941 1130 1964 cum
1144 1930 1356 1965 dexteritate
1374 1930 1531 1965 maxima
1547 1931 1720 1975 populum

329 1998 434 2022 suum
452 1987 679 2033 gubernavit.
731 1986 873 2021 Laudat
896 1991 1077 2021 auctorem
1100 1988 1158 2021 ille
1181 1987 1413 2022 Guilielmum
1436 1987 1720 2034 Neubrigensem

329 2045 390 2079 lib.
411 2053 437 2078 1.
457 2043 597 2078 Histor.
615 2043 726 2090 Angl.
752 2055 827 2089 cap.
847 2052 966 2078 XXIV.
1017 2044 1127 2078 Liber
1152 2056 1224 2079 11011
1250 2050 1303 2079 est
1324 2045 1414 2079 mihi
1436 2045 1482 2079 ad
1503 2056 1660 2086 manum,
1684 2050 1719 2080 et

329 2106 449 2136 tamen
468 2105 631 2145 suspecta
648 2100 835 2136 referentis
852 2101 932 2141 fide,
950 2112 996 2135 an
1014 2102 1204 2147 quicquam
1223 2103 1414 2147 scripserit,
1432 2103 1561 2137 nescio.

379 2158 519 2193 Claruit
537 2168 631 2192 311110
650 2167 747 2192 MCL.
766 2164 829 2193 aut
846 2159 997 2199 circiter,
1015 2159 1137 2193 eodem
1154 2159 1215 2194 illo
1233 2164 1387 2195 auctore.

560 2271 885 2308 MATTHAEUS
909 2272 1376 2309 AMARBARICENSIS.
1427 2274 1486 2310 60.

331 2387 607 2429 MATTHAEUS,
658 2387 964 2424 Amarbaricensis
1015 2389 1221 2431 monachus,
1272 2401 1294 2425 a
1344 2390 1511 2426 coenobio
1557 2391 1595 2425 in
1637 2391 1718 2426 Fri-

330 2445 394 2487 sia,
450 2444 511 2479 ubi
565 2445 779 2482 monachum
833 2446 963 2489 induit,
1018 2452 1176 2489 vocatus,
1227 2448 1513 2496 peregrinatione
1563 2448 1717 2484 Romam
