2032 2912
314 301 378 331 202
696 298 928 331 HISTORIA
952 298 1327 332 ECCLESIASTICA

318 395 491 429 divinitus
522 404 696 434 accensae,
725 404 795 427 vox
821 405 962 438 quoque
990 394 1137 429 coelitus
1161 395 1294 435 audita,
1322 399 1343 414 “
1368 394 1551 431 Donatum
1575 401 1715 436 antisti-

318 458 388 486 tem
416 451 706 497 designandum.''
751 450 922 495 Populus,
949 452 1112 486 divinum
1138 452 1351 498 suffragium
1381 464 1511 500 magno
1542 467 1716 493 concursu

318 511 502 554 arripiens,
525 519 606 542 eum
628 508 819 553 pontificiis
845 509 967 543 statim
991 510 1210 544 ornamentis
1234 511 1388 551 ornavit,
1414 512 1452 545 in
1475 523 1546 557 quo
1570 526 1716 550 munere

317 568 439 601 multis
457 567 609 612 gloriose
631 571 822 611 sancteque
845 567 932 601 actis
955 578 1153 612 pauperum
1176 572 1289 611 pater,
1310 568 1486 604 libertatis
1508 573 1718 607 ecclesiasti-

317 636 376 658 cae
394 625 585 658 acerrimus
603 629 849 669 propugnator
865 625 997 659 extitit.
1022 624 1156 659 Silvan.
1176 624 1311 659 Razius
1334 626 1372 660 in
1390 626 1478 661 Vita
1499 628 1561 663 SS.
1583 629 1717 665 Hetru-

316 682 390 715 riae
407 693 488 728 pag.
509 690 666 715 CLXVII.
690 681 816 715 Franc.
843 682 1030 716 Cattanius
1054 681 1223 716 Diacetus
1247 683 1285 716 in
1308 682 1498 729 Episcopis
1517 685 1715 722 Fesulanis.

319 740 388 773 Hic
407 740 573 773 divorum
592 751 740 773 numero
765 740 941 784 ascriptus
964 740 1021 774 die
1045 748 1151 773 XXII.
1176 739 1321 774 Octobr.
1347 740 1584 790 Martyrolog.
1610 744 1715 779 Rom.

319 797 387 831 Cui
413 796 764 843 magnificentissima
787 797 931 831 ecclesia
954 801 1070 831 erecta
1093 796 1253 841 Scopew,
1280 802 1321 831 ut
1339 804 1477 840 vocant,
1502 812 1612 846 prope
1636 802 1718 836 Flo-

318 856 483 895 rentiam,
513 867 603 900 quae
633 860 756 899 postea
785 855 824 888 in
849 855 1048 899 prioratum
1075 860 1191 888 erecta
1217 859 1270 888 est
1296 866 1390 890 anno
1418 865 1645 893 MCCCCVIII.
1676 865 1718 894 ut

322 913 447 948 scribit
472 913 629 947 Joannes
656 913 824 957 Baptista
849 911 996 957 Signius
1022 911 1270 952 Bononiensis,
1298 924 1339 947 eo
1366 914 1499 948 scilicet
1524 926 1618 950 anno
1648 928 1719 962 quo

319 971 590 1016 Scopetinorum
616 971 702 1004 ordo
726 981 789 1014 per
813 969 1034 1013 Stephanum
1058 969 1249 1004 Senensem
1276 969 1589 1016 Augustinianum
1615 974 1718 1008 insti-

318 1030 445 1068 tuitur,
477 1033 512 1062 et
543 1040 563 1062 a
593 1028 768 1074 Gregorio
798 1026 886 1060 XII.
922 1026 1164 1061 confirmatur.
1200 1027 1352 1063 Aubert.
1391 1028 1552 1064 Miraeus
1583 1031 1717 1066 Chron.

320 1087 468 1131 Scripsit
486 1086 651 1120 Donatus

467 1143 521 1177 De
540 1143 832 1189 Peregrinatione
850 1153 914 1176 sua
1218 1142 1278 1176 lib.
1299 1152 1325 1176 1.

465 1202 520 1236 De
538 1202 663 1236 Officio
682 1213 766 1235 suae
784 1200 964 1235 Ecclesiae
1216 1200 1277 1234 lib.
1298 1210 1323 1234 1.

469 1261 513 1295 In
531 1272 647 1295 sacras
666 1260 869 1304 Scripturas
1215 1258 1276 1292 lib.
1297 1268 1322 1292 1.

372 1320 613 1365 Inauguratus
638 1322 691 1352 est
716 1317 858 1362 praesul
883 1327 977 1350 anno
1001 1324 1151 1349 DCCCII.
1179 1316 1322 1360 quando
1346 1317 1474 1352 obierit
1498 1330 1570 1353 non
1591 1321 1719 1363 reperi.

321 1379 488 1413 Studium
507 1377 730 1411 commendat
747 1375 917 1408 Diacetus
935 1385 1016 1420 pag.
1037 1382 1131 1407 CXL.
1161 1373 1308 1418 Semper
1325 1379 1445 1410 autem
1463 1380 1526 1411 aut
1544 1376 1720 1411 scribebat

322 1442 384 1471 aut
402 1436 586 1470 scribenda
604 1433 786 1477 discipulis
805 1432 972 1466 dictabat.

784 1547 819 1582 S.
849 1546 1111 1581 DOMITIUS.
1164 1546 1247 1585 367.

321 1668 384 1701 DE
409 1667 444 1700 S.
468 1666 629 1700 Domitio
655 1664 829 1698 sufficient
855 1663 964 1696 verba
990 1663 1039 1696 H.
1065 1663 1210 1698 Boethii
1236 1664 1296 1698 lib.
1319 1674 1375 1699 lx.
1404 1665 1502 1700 Hist.
1522 1665 1616 1701 Scot.
1636 1679 1717 1714 pag.

323 1733 462 1759 CLXVI.
493 1728 513 1742 “
532 1723 670 1757 Venere
694 1733 774 1755 cum
799 1732 839 1754 eo
867 1720 916 1764 (S.
943 1720 1130 1767 Columba)
1162 1722 1199 1754 in
1226 1721 1416 1756 Albionem
1443 1724 1511 1757 viri
1533 1725 1720 1759 duodecim

323 1783 457 1816 Christi
470 1782 635 1827 dogmate
649 1779 838 1825 insigniter
849 1778 990 1818 imbuti,
1003 1779 1063 1812 sed
1075 1779 1189 1825 magis
1203 1781 1308 1826 longe
1320 1781 1552 1816 sanctissimis
1563 1782 1719 1818 decorati

322 1841 503 1880 moribus3
532 1838 717 1872 Bathenus
744 1841 779 1870 et
805 1836 987 1876 CominuS,
1018 1837 1079 1880 qui
1105 1842 1187 1881 post
1214 1838 1407 1872 Columbae
1433 1839 1568 1873 exitum
1600 1851 1720 1875 mona-

322 1900 469 1933 chorum
488 1897 651 1931 claustris
669 1894 837 1939 praefecti
862 1895 956 1927 inter
979 1893 1112 1934 Scotos,
1140 1895 1235 1929 haud
1259 1896 1434 1930 mediocre
1458 1896 1592 1931 Christi
1617 1900 1720 1933 eccle-

323 1958 395 1991 siae
429 1957 534 1989 decus
570 1955 744 1993 attulere;
786 1952 979 1985 Cibthacus
1007 1956 1042 1985 et
1072 1951 1315 1992 Efflernanus,
1347 1953 1540 1988 Columbae
1574 1960 1720 2000 nepotes

324 2027 367 2049 ex
392 2015 513 2053 fratre,
541 2012 676 2046 Christi
704 2011 865 2044 sacerdos
891 2014 1064 2054 uterque;
1096 2009 1290 2051 Domitius,
1318 2011 1478 2046 Ruthius
1504 2017 1540 2047 et
1566 2013 1719 2054 Fethuo,

323 2073 418 2107 haud
445 2082 571 2116 parum
596 2070 769 2103 natalium
794 2068 1040 2111 amplitudine,
1067 2069 1127 2102 sed
1152 2069 1265 2114 magis
1290 2070 1394 2115 longe
1418 2070 1588 2116 religione
1612 2071 1720 2105 hone-

325 2131 427 2170 stati3
444 2129 669 2167 Scandalaus,
681 2127 890 2172 EoglodiuS,
903 2125 936 2159 T
938 2130 1097 2167 otaueus,
1115 2126 1323 2167 Moteferus,
1338 2132 1373 2161 et
1384 2126 1574 2162 Gallanus:
1588 2129 1625 2162 hi
1638 2130 1719 2169 viri,

325 2187 497 2221 Columba
513 2187 548 2219 in
566 2185 777 2218 Hiberniam
793 2183 1069 2224 transmittente,
1087 2185 1205 2218 sedem
1220 2189 1417 2219 statuentes
1432 2185 1469 2218 in
1484 2185 1573 2220 Iona
1590 2187 1717 2227 insula,

326 2244 510 2278 Scotorum
538 2243 792 2286 Pictorumque
817 2242 979 2287 regiones
1006 2242 1074 2286 piis
1106 2243 1292 2276 lustrando
1318 2243 1519 2283 sudoribus,
1550 2245 1718 2285 docendo,

326 2302 539 2340 disserendo,
555 2300 748 2339 scribendo,
764 2305 956 2344 utrumque
971 2301 1143 2344 populum
1158 2300 1302 2344 optimis
1317 2300 1476 2334 moribus
1494 2306 1530 2335 et
1547 2302 1718 2347 religione

326 2358 563 2393 imbuerunt.”
577 2358 600 2391 J
603 2370 633 2391 o.
650 2357 816 2391 Leslaeus
831 2358 890 2391 lib.
905 2366 959 2391 IV.
977 2357 1073 2391 Hist.
1089 2357 1182 2391 Scot.
1197 2369 1278 2403 pag.
1295 2366 1392 2391 CLII.
1416 2357 1565 2392 Sanctus
1578 2360 1715 2393 colitur.

327 2417 447 2451 Uvion
465 2416 525 2450 lib.
547 2425 606 2449 111.
626 2415 707 2461 Lig.
726 2415 801 2450 Vit.
821 2427 901 2461 pag.
921 2424 1110 2449 CCCCXIV.
1156 2415 1230 2449 Nec
1253 2416 1337 2449 alibi
1360 2416 1463 2460 plura
1484 2416 1527 2450 de
1545 2415 1715 2450 Domitio.
