2032 2912
730 335 906 368 GENTIS
931 333 1209 372 SCOTORUM,
1235 333 1325 366 LIB.
1350 333 1396 365 11.
1698 332 1761 365 109

359 442 431 476 gna
448 442 529 465 cum
546 431 661 477 gloria
685 430 849 465 Lutetiae
872 434 926 464 est
950 429 1130 474 professus
1154 428 1264 463 bonas
1287 433 1393 468 artes,
1417 432 1496 462 tum
1522 426 1757 473 Burdegalae,

361 500 401 522 ac
435 488 561 522 deinde
593 489 632 522 in
666 487 867 527 Lusitania,
901 487 964 521 ubi
996 486 1193 530 periculum
1228 486 1328 526 adiit,
1364 486 1408 519 ad
1443 484 1662 530 quaesitores
1693 485 1759 518 im-

361 546 505 589 pietatis
530 545 691 585 delatus;
717 544 800 578 inde
825 544 864 577 in
888 543 1072 589 Angliam‚
1098 546 1134 576 et
1162 542 1332 577 festinato
1361 553 1469 577 cursu
1501 542 1539 576 in
1570 541 1757 588 Liguriam

361 602 552 642 contendit,
571 600 807 636 Timoleontis
825 600 969 634 Cossaei
986 600 1159 644 pueritiae
1177 600 1353 640 admotus,
1379 600 1481 646 cujus
1504 604 1606 645 pater
1629 610 1758 645 prorex

360 669 508 705 magnos
538 658 714 692 exercitus
746 668 788 691 ea
819 657 857 690 in
886 660 992 702 gente
1020 656 1200 691 ductabat.
1254 656 1416 690 Tandem
1447 658 1493 691 ad
1523 656 1645 691 Scotos
1675 668 1758 691 suos

361 716 484 756 redux,
510 715 644 749 Jacobo
666 714 733 749 VI.
758 714 845 760 regi,
869 713 932 759 qui
955 724 1050 747 nunc
1073 713 1185 748 totius
1209 713 1364 759 Magnae
1387 713 1598 748 Britanniae
1621 720 1759 759 sceptra

359 784 453 807 unus
477 772 675 819 conjunxit,
699 771 894 806 erudiendo
917 770 1152 816 praepositus,
1178 776 1320 816 praeter
1343 771 1412 804 viri
1437 771 1519 805 boni
1543 775 1661 815 partes
1685 783 1759 806 om-

361 831 421 863 nia
438 834 636 870 exsecutus,
654 829 808 874 principi
825 828 1079 869 sanctissimae,
1104 828 1249 875 reginae
1274 839 1315 862 ac
1332 827 1496 862 dominae
1514 839 1609 869 suae,
1627 827 1758 863 famam

361 888 497 921 elevare
523 886 879 922 contumeliosissima
904 890 1026 931 satyra
1051 889 1207 930 quatuor
1231 885 1331 919 libris
1357 884 1540 919 Historiae
1565 896 1650 920 suae
1675 887 1759 920 ulti-

362 945 429 979 mis
466 950 519 979 est
553 949 711 985 conatus,
748 943 987 978 mercenarius
1022 943 1154 977 scilicet
1183 942 1308 977 Jacobi
1337 942 1452 983 nothi,
1485 943 1547 987 qui
1579 947 1657 977 tum
1686 954 1759 978 ma-

362 1003 443 1048 gnis
467 1002 663 1042 conatibus,
687 1001 848 1048 prox-egis
866 1000 1089 1040 auctoritate,
1114 1001 1158 1035 ad
1175 1000 1417 1046 principatum
1435 1000 1613 1035 tendebat.
1666 1000 1758 1047 Ejus

363 1066 468 1094 sunt:

510 1117 770 1152 Grammaticae
789 1116 950 1150 Thomae
968 1115 1131 1149 Linacris
1149 1126 1192 1150 ex
1210 1114 1363 1161 Anglico
1380 1116 1420 1150 in
1438 1115 1609 1150 Latinum
1627 1115 1754 1151 Versio

565 1174 774 1220 (Gesnerus)
1404 1173 1468 1208 lib.
1488 1183 1514 1208 1.

511 1232 708 1266 Axiomata
727 1230 910 1276 <Balaeus)
1408 1231 1469 1265 lib.
1490 1239 1515 1265 1.

513 1288 677 1323 Historia
694 1288 880 1322 Scotorum
1407 1288 1467 1322 lib.
1488 1297 1577 1322 XIX.

511 1345 566 1380 De
592 1345 681 1380 Jure
712 1344 831 1391 Regni
862 1343 957 1389 apud
987 1343 1110 1378 Scotos
1139 1345 1201 1379 lib.
1229 1354 1256 1379 1.
1286 1356 1358 1390 quo
1388 1355 1492 1389 opere
1522 1356 1602 1379 cum
1634 1345 1763 1380 Hotto-

558 1414 691 1437 manno
721 1407 758 1437 et
787 1402 866 1436 aliis
892 1401 1079 1436 haereticis
1105 1402 1241 1448 regiam
1267 1402 1517 1437 auctoritatem
1543 1402 1672 1437 acriter
1698 1404 1763 1437 im—

556 1465 705 1507 pugnat.

513 1517 648 1552 Psalmi
665 1517 818 1552 Davidis
836 1525 899 1550 CL.
919 1527 1026 1550 versu
1044 1516 1318 1563 elegantissimo,
1342 1528 1432 1562 quos
1455 1517 1600 1551 musicis
1624 1518 1761 1564 legibus

560 1575 841 1610 accommodavit
875 1573 934 1608 Jo.
970 1573 1176 1615 Servianus,
1222 1578 1258 1609 et
1300 1574 1412 1609 edidit
1454 1574 1627 1621 Lugduni
1670 1586 1762 1610 anno

563 1641 781 1667 MDLXXIX.

513 1689 734 1737 Tragoedias
777 1688 842 1724 IV.
887 1699 1039 1734 quarum
1083 1688 1199 1733 prima
1233 1688 1409 1734 Jephthes
1444 1690 1573 1725 ultima
1607 1690 1762 1735 publica-

561 1752 610 1788 ta,
1406 1746 1468 1780 lib.
1488 1756 1514 1781 1.

515 1804 634 1839 Silvae
1405 1804 1467 1838 lib.
1488 1813 1515 1838 1.

514 1862 741 1897 Miscellanea
1409 1861 1470 1896 lib.
1491 1871 1517 1895 1.

517 1919 815 1965 Hendecasyllabi
1411 1918 1472 1953 lib.
1493 1928 1518 1953 1.

517 1976 665 2023 Elegiae
1410 1976 1472 2010 lib.
1492 1986 1517 2010 1.

514 2034 789 2081 Epigrammata
1407 2034 1468 2068 lib.
1490 2043 1533 2068 11.

514 2092 600 2126 Alia
625 2091 773 2138 indigna
798 2090 857 2125 hic
881 2091 1017 2133 referri,
1045 2093 1140 2137 quod
1166 2092 1212 2126 iis
1243 2096 1278 2126 et
1305 2091 1340 2125 S.
1368 2091 1414 2126 R.
1441 2092 1487 2126 E.
1515 2093 1695 2139 majestas,
1727 2100 1763 2129 et

565 2149 733 2195 religiosa
769 2148 815 2183 D.
847 2148 1028 2184 Francisci
1060 2149 1208 2190 familia,
1251 2160 1325 2183 non
1367 2150 1566 2196 vulgariter
1608 2151 1762 2187 offenda-

566 2211 638 2241 tur.

515 2264 750 2299 Chamaeleon
766 2263 828 2297 lib.
849 2272 875 2297 1.
906 2274 978 2308 quo
1003 2274 1108 2308 opere
1125 2263 1374 2298 Lidintonium
1400 2264 1663 2300 mutabiliorem
1681 2266 1763 2301 cha-

563 2322 758 2355 maeleonte
783 2325 972 2365 carpserat.
1026 2319 1108 2355 Gul.
1128 2320 1298 2356 camden.
1318 2320 1416 2356 Hist.
1440 2320 1537 2369 Ang.
1557 2323 1602 2357 ad
1630 2335 1764 2359 annum

568 2386 786 2412 MDLxxnl.

513 2436 676 2512 lgetectio
717 2436 756 2470 in
798 2435 955 2471 Mortem
998 2434 1140 2470 Darnlii
1184 2435 1346 2484 Reginae
1390 2437 1523 2479 mariti,
1568 2449 1656 2484 opus
1695 2445 1770 2474 tur-
