2032 2912
354 321 418 357 ‘296
740 320 974 354 HISTORIA
998 321 1373 356 ECCLESIASTICA

356 419 472 458 rescit,
500 417 693 452 fluviorum
722 417 799 463 regi
823 415 985 451 Eridano
1011 428 1120 461 quam
1146 418 1322 462 proxima,
1353 418 1416 463 qui
1442 419 1666 465 navigationi
1693 432 1754 465 ap-

355 476 514 510 tissimus
533 476 690 509 maximo
708 483 762 509 est
776 475 858 509 urbi
873 476 1132 517 emolument03
1152 476 1255 521 eujus
1273 476 1364 510 situs
1384 476 1430 510 ad
1448 478 1700 512 amoenitatem
1718 483 1753 513 et

353 533 609 568 fecunditatem
636 538 756 575 natus,
789 533 881 567 aeris
905 533 1105 578 temperies,
1132 534 1290 579 coelique
1316 534 1514 576 clementia,
1543 535 1655 570 effusa
1679 537 1754 581 pla-

352 591 469 631 nities,
504 591 649 626 collium
683 591 849 638 frugibus
884 591 1099 626 refertorum
1141 592 1338 626 multitudo
1380 603 1454 627 non
1491 604 1621 638 parum
1655 606 1752 629 acco-

352 650 403 682 las
446 649 571 684 reficit.
639 648 701 683 Ad
741 650 927 684 meridiem
969 649 1165 685 umbrifero
1207 648 1484 695 Apenninorum
1527 651 1752 697 aliorumque

350 709 528 743 montium
552 709 645 756 Jugo
672 714 874 744 recreatur:
900 709 960 744 hic
986 708 1105 749 Ceres,
1135 708 1194 742 hic
1221 707 1396 749 Bacchus,
1425 708 1484 743 hic
1513 708 1675 744 Pomona
1700 712 1753 745 lu-

350 767 522 809 xuriant3
555 778 709 812 quorum
743 767 932 808 fructibus,
969 773 1005 802 et
1032 771 1074 801 ut
1104 766 1223 811 pullis,
1254 765 1344 807 ovis,
1375 766 1573 812 ceterisque
1602 772 1752 813 gustatu

348 825 486 859 idoneis
515 825 600 866 frui,
631 826 757 871 utique
786 825 949 871 gestiunt
977 825 1084 860 urbes
1112 834 1223 869 quam
1247 824 1435 868 plurimae,
1461 835 1563 860 caseo
1592 837 1751 870 praeser-

347 883 425 923 tim,
444 884 550 930 longe
567 884 729 918 omnium
747 883 1068 928 praestantissimo,
1094 893 1200 927 quem
1220 892 1284 926 per
1301 881 1462 916 diversas
1483 881 1654 928 Europae
1677 885 1751 928 pla-

346 951 410 986 gas
429 942 544 976 mittit
561 941 843 982 hu1nanissime3
863 941 901 974 in
920 952 961 975 ea
979 941 1071 975 varii
1089 951 1203 985 aquae
1222 940 1336 974 salsae
1352 939 1465 984 putei,
1488 940 1584 974 unde
1601 952 1675 975 non
1697 952 1752 976 so-

346 999 421 1032 lum
440 1000 485 1034 ad
502 1011 609 1034 usum
627 999 696 1034 sibi
713 999 954 1033 necessarium
975 999 1085 1033 salem
1111 998 1299 1039 hauriunt,
1327 997 1417 1043 quin
1441 1001 1478 1032 et
1503 997 1691 1033 Parmensi
1716 1005 1750 1034 et

346 1057 635 1092 Palavicinorum
667 1057 836 1091 dominiis
867 1057 1175 1091 abundantissime
1204 1056 1438 1101 suppeditat3
1471 1055 1550 1102 ejus
1579 1056 1618 1091 in
1648 1068 1750 1092 mon-

344 1115 453 1156 tibus,
472 1120 508 1150 et
525 1115 611 1150 ferri
629 1120 666 1150 et
683 1115 787 1156 aeris,
807 1115 878 1150 huc
895 1120 931 1150 et
949 1115 1033 1149 illuc
1050 1114 1231 1154 efferendi,
1248 1113 1413 1148 fodinae:
1440 1115 1586 1149 collium
1608 1114 1749 1150 fructus

345 1174 592 1217 copiosissimi,
627 1175 743 1209 olivae
773 1174 868 1209 inter
898 1178 1043 1214 ceteros,
1075 1183 1230 1217 quarum
1260 1173 1379 1207 oleum
1405 1172 1451 1207 ad
1475 1183 1612 1207 annum
1638 1184 1748 1218 prope

342 1228 471 1266 accolis
497 1233 587 1267 satis
613 1233 672 1268 sit.
725 1231 787 1267 Ad
811 1232 1029 1266 occidentem
1055 1230 1191 1265 Trebia
1216 1241 1320 1265 amne
1346 1230 1507 1272 alluitur,
1534 1231 1592 1266 cui
1617 1243 1749 1266 nomen

343 1289 482 1334 peperit
499 1290 702 1325 immortale
721 1290 844 1325 caedes
862 1289 1110 1324 Romanorum
1128 1289 1173 1323 ab
1190 1288 1371 1323 Annibale
1388 1293 1543 1334 accepta,
1567 1289 1631 1334 qui
1649 1290 1748 1324 varie

343 1347 482 1382 divisus
508 1360 572 1393 per
597 1349 743 1394 praedia
770 1349 926 1382 molliter
951 1347 1096 1388 labitur,
1123 1351 1159 1381 et
1183 1346 1333 1381 laetiora
1358 1357 1491 1391 pascua
1515 1348 1685 1394 gregibus
1712 1353 1747 1382 et

343 1406 515 1440 armentis
533 1418 605 1441 non
623 1407 767 1453 ingrata
783 1406 959 1450 producit,
983 1416 1055 1450 quo
1077 1405 1117 1440 fit
1135 1410 1178 1440 ut
1201 1404 1368 1439 carnibus
1388 1415 1461 1439 non
1484 1405 1649 1450 insipidis
1669 1417 1746 1441 ves-

343 1468 471 1499 cantur
492 1465 640 1498 accolae.
693 1463 873 1504 Ceterum,
902 1474 994 1508 quae
1019 1463 1164 1497 urbium
1182 1464 1261 1496 laus
1279 1466 1334 1496 est
1352 1473 1424 1497 non
1441 1463 1581 1504 ultima,
1600 1468 1636 1498 et
1653 1464 1746 1498 anti-

342 1522 480 1566 quitate
510 1521 730 1556 familiarum
760 1526 796 1556 et
823 1520 1012 1555 nobilitate
1042 1531 1124 1554 cum
1157 1520 1337 1566 plerisque
1368 1520 1495 1555 Italiae
1525 1520 1676 1556 urbibus
1703 1523 1745 1556 de

340 1579 546 1624 principatu
563 1580 771 1620 contendit;
800 1589 843 1613 ex
862 1589 934 1624 qua
950 1589 1059 1624 quam
1084 1579 1232 1623 plurimi
1255 1579 1370 1613 sancti
1396 1579 1571 1620 homines,
1597 1585 1639 1614 ut
1657 1579 1745 1614 Gre-

341 1638 464 1683 gorius
495 1637 543 1671 X.
575 1638 618 1671 de
647 1636 939 1678 Vicecomitibus,
970 1637 1029 1671 vir
1056 1636 1315 1677 sanctissimus,
1347 1637 1390 1671 de
1420 1637 1526 1683 cujus
1557 1638 1746 1672 canoniza-

341 1696 437 1730 tione
478 1706 573 1729 nunc
612 1696 708 1740 apud
751 1695 871 1729 sedem
914 1694 1157 1740 apostolicam,
1200 1698 1331 1740 rogatu
1378 1694 1665 1730 Placentinorum
1709 1702 1744 1731 et

339 1753 587 1792 Aretinorum,
623 1754 755 1800 agitur,
789 1753 1041 1798 innumerique
1075 1752 1213 1793 heroes,
1245 1753 1290 1787 ad
1322 1763 1464 1787 omnem
1495 1754 1641 1788 omnino
1672 1754 1744 1788 vir-

340 1817 460 1846 tutum
495 1811 785 1846 Christianarum
819 1811 982 1856 politiam
1016 1811 1104 1851 nati,
1139 1822 1212 1845 non
1247 1811 1474 1846 mediocriter
1508 1810 1652 1847 Italiam
1686 1824 1743 1848 or-

340 1875 429 1905 nant
454 1875 489 1904 et
515 1870 709 1904 illustrant.
763 1867 979 1916 Magnificus
1011 1868 1253 1904 aedificiorum
1280 1873 1450 1904 ornatus:
1477 1870 1574 1915 quod
1599 1871 1742 1915 publico

340 1933 487 1973 sumptu
521 1940 588 1973 pro
621 1928 825 1962 serereniss.
861 1927 1084 1972 principibus
1114 1931 1361 1962 constructum
1391 1927 1524 1963 visitur
1553 1929 1742 1973 palatium,

339 1987 504 2021 omnibus
547 1987 622 2021 suis
666 1986 870 2020 absolutum
913 1986 1084 2026 numeris,
1128 1986 1333 2030 sapientum
1371 1985 1510 2032 judicio
1552 1986 1591 2020 in
1634 1986 1742 2022 Italia

341 2045 471 2079 forisve
514 2056 629 2090 pauca
669 2044 772 2089 paria
813 2043 877 2078 vix
920 2043 1098 2078 habuerit.
1162 2043 1235 2078 Hic
1268 2044 1491 2089 amplissima
1524 2045 1741 2091 religionum

340 2104 566 2144 monasteria,
601 2114 642 2137 ac
677 2103 866 2147 praecipue
900 2101 947 2136 D.
983 2101 1185 2149 Augustini
1216 2102 1311 2137 inter
1342 2107 1459 2137 cetera
1487 2103 1739 2138 memorabile:

339 2161 454 2195 medio
488 2161 526 2195 in
560 2160 639 2196 foro
669 2160 881 2205 amplissimi
911 2171 952 2194 ac
978 2160 1173 2206 immortali
1201 2160 1403 2207 dignissimi
1438 2161 1611 2195 memoria
1641 2162 1739 2207 prin-

339 2219 432 2262 cipes
462 2218 667 2254 Alexander
697 2223 733 2253 et
761 2218 944 2253 Ranutius
980 2218 1142 2253 Farnesii
1174 2219 1292 2253 aeneis
1323 2219 1481 2253 insident
1508 2220 1620 2265 equis,
1652 2231 1740 2265 quo-

340 2287 419 2309 rum
448 2288 505 2310 ars
529 2281 565 2311 et
593 2282 776 2312 structura
798 2278 844 2311 ad
866 2277 1079 2311 miraculum
1105 2288 1215 2322 prope
1239 2281 1294 2312 est
1319 2288 1427 2322 opera
1453 2277 1636 2312 Francisci
1661 2278 1739 2312 Μο-

339 2334 408 2368 chii
437 2334 648 2376 Florentini,
682 2337 770 2370 adeo
797 2340 840 2370 ut
867 2335 931 2370 vix
957 2336 1147 2370 universus
1178 2341 1355 2370 terrarum
1389 2336 1545 2370 ambitus
1575 2336 1739 2382 magnifi-

339 2392 476 2426 centius
501 2403 672 2438 umquam
697 2394 783 2438 quid
808 2393 950 2428 viderit.
1003 2393 1112 2428 Urbis
1131 2394 1312 2434 circuitus,
1332 2393 1376 2427 ad
1394 2393 1554 2439 quinque
1571 2393 1738 2428 milliaria

340 2455 517 2491 extensus,
535 2450 741 2486 fortissimis
759 2452 917 2499 cingitur
931 2451 1117 2487 moenibus
1132 2456 1167 2485 et
1186 2450 1399 2497 aggeribus:
1427 2451 1472 2485 ad
1490 2455 1653 2486 austrum
1671 2460 1737 2483 arx
