2032 2912
343 295 407 326 5326
736 297 969 331 HISTORIA
994 298 1367 332 ECCLESIASTICA

347 390 536 425 Christum
565 396 702 432 natum,
738 403 879 427 summa
908 393 1095 439 majestate
1126 395 1305 439 perduxit,
1336 396 1391 430 uti
1422 396 1614 431 meminere
1641 397 1665 431 J
1667 409 1745 432 oan.

348 448 524 482 Trithem.
546 448 637 483 Sixt.
657 449 802 484 Senens.
821 450 861 484 in
878 451 1103 486 Bibliotheca
1122 451 1262 493 Sancta,
1277 457 1313 486 et
1326 452 1444 488 Lilius
1462 453 1642 499 Gyraldus
1662 456 1748 489 Fer-

346 506 515 540 rariensis
534 506 594 541 lib.
616 516 652 541 V.
672 508 716 542 de
735 507 855 542 Poetis
874 508 1028 549 Latinis,
1046 510 1128 543 licet
1145 514 1251 555 gente
1269 521 1342 544 non
1366 522 1543 555 expressa.
1596 512 1745 560 Scripsit

492 562 762 612 Allegoriarum
781 577 901 601 sacrae
920 565 1127 610 Scripturae
1293 568 1355 602 lib.
1376 577 1401 601 1.

497 622 740 658 Homiliarum
1290 626 1352 660 lib.
1373 635 1398 659 Ι.

494 679 742 725 Epistolarum
1293 683 1355 717 lib.
1376 692 1411 716 V.

494 737 705 774 Poematum
724 738 939 774 Latinorum
957 740 1139 775 variorum
1289 741 1349 775 lib.
1371 750 1395 775 1.

397 796 477 835 Qua
495 801 611 831 aetate
630 798 773 838 vixerit,
792 799 991 833 incertum:
1017 803 1121 842 putat
1139 797 1263 833 Sixtus
1288 797 1454 833 Senensis
1472 798 1634 834 floruisse
1652 812 1745 835 anno

347 863 383 887 D.
403 854 470 888 sub
487 853 692 889 Anastasio.

820 954 1131 990 GUILLAMUS.
1187 954 1271 994 609.

346 1029 609 1071 GUILLAMUs‚
639 1041 776 1065 carcere
798 1031 1002 1074 mancipato
1027 1030 1168 1065 Davide
1194 1030 1344 1070 Betono,
1371 1031 1407 1065 S.
1435 1030 1602 1066 Andreae
1628 1033 1743 1067 archi·

345 1089 520 1133 episcopo,
535 1088 570 1123 S.
588 1089 634 1123 R.
650 1088 696 1123 E.
712 1089 901 1128 cardinale,
916 1099 938 1122 a
949 1087 1105 1122 factiosis
1124 1089 1340 1133 proceribuS,
1360 1093 1397 1123 et
1411 1090 1539 1124 comite
1553 1090 1741 1131 Ananiae,

345 1146 445 1191 regni
464 1147 716 1192 gubernatore,
743 1158 807 1181 seu
825 1151 962 1191 sponte,
989 1157 1052 1180 seu
1077 1147 1225 1186 invitus,
1252 1147 1348 1191 quod
1374 1148 1494 1191 potius
1521 1149 1742 1188 crediderim,

345 1204 499 1238 vicarius
518 1204 674 1239 Romani
693 1204 870 1249 pontificis
889 1215 952 1248 per
978 1204 1186 1239 uuiversum
1213 1215 1365 1250 regnum
1392 1205 1531 1240 scotiae
1557 1207 1742 1241 renuncia-

345 1267 413 1302 tus,
438 1268 582 1307 sumpta
605 1262 805 1307 Apostolici
830 1262 959 1308 Legati
977 1273 1138 1306 persona,
1158 1256 1386 1297 concionibus
1405 1264 1642 1298 acerbissimis
1661 1265 1739 1309 plu-

344 1321 476 1354 rimum
504 1321 556 1354 rei
582 1321 809 1355 Christianae
835 1320 997 1354 nocuisse
1024 1321 1243 1355 censebatur.
1299 1320 1404 1355 Joan.
1430 1321 1599 1356 Leslaeus
1618 1322 1678 1356 lib.
1701 1332 1738 1355 x.

342 1389 423 1422 pag.
443 1388 596 1412 CDLXV.
649 1378 800 1423 Scripsit

491 1436 678 1470 Sermones
697 1436 740 1470 ad
761 1436 929 1470 Proceres
949 1442 984 1470 et
1003 1435 1147 1472 Plebem
1240 1437 1301 1471 lib.
1322 1447 1347 1471 1.

491 1494 643 1528 Decreta
660 1493 911 1529 Ecclesiastica
1239 1495 1299 1530 lib.
1321 1504 1346 1528 1.
1387 1506 1409 1528 a
1438 1495 1568 1539 quibus
1601 1497 1674 1530 vim
1706 1502 1740 1531 et

543 1552 653 1586 robur
670 1552 837 1592 haeresis,
856 1553 1047 1596 perniciem
1067 1552 1151 1586 fides
1174 1552 1359 1586 Catholica
1383 1553 1539 1596 accepit3
1567 1554 1643 1587 sive
1666 1555 1741 1598 ipse

540 1611 592 1643 ita
610 1610 735 1650 voluit,
755 1621 818 1644 seu
835 1611 976 1644 sectarii
995 1611 1032 1643 id
1050 1610 1102 1643 illi
1120 1610 1379 1654 imposuerunt,
1394 1621 1438 1643 ne
1455 1610 1646 1655 quicquam
1665 1612 1740 1645 sine

540 1668 754 1702 auctoritate
783 1668 956 1701 innovare
982 1668 1202 1707 viderentur,
1229 1679 1270 1702 eo
1296 1672 1416 1702 tamen
1443 1668 1591 1702 vulnere
1616 1669 1740 1703 lethali

540 1727 666 1771 religio
685 1727 780 1770 apud
798 1730 977 1760 nostrates
995 1724 1125 1760 afflicta
1149 1736 1334 1770 nunquam
1359 1726 1476 1759 denuo
1499 1728 1693 1767 convaluit,
1720 1740 1740 1761 o

539 1785 718 1830 majorum
754 1784 868 1828 pietas
886 1783 891 1816 !
936 1783 980 1817 Id
1014 1788 1134 1817 actum
1173 1783 1396 1828 inauspicato
1431 1788 1466 1817 et
1504 1783 1647 1818 funesto
1682 1786 1738 1819 die

543 1851 678 1877 xxvn.
699 1842 887 1876 Februarii
905 1853 999 1875 anno
1018 1850 1206 1875 MDXLIII.

490 1901 545 1935 De
563 1900 692 1935 Bibliis
712 1901 903 1933 vernacula
920 1899 1065 1945 Lingua
1085 1899 1256 1933 habendis
1402 1900 1462 1933 lib.
1486 1909 1509 1933 Ι.
1528 1901 1736 1935 damnatum

540 1958 685 1993 indubie
703 1969 803 2002 opus,
823 1962 858 1991 et
876 1969 897 1991 a
913 1969 984 2002 quo
1002 1957 1100 1991 fonte
1118 1958 1249 1991 mirum
1268 1962 1443 2002 quantum
1468 1958 1676 1993 incrementi
1702 1961 1738 1993 in

536 2028 657 2051 omnes
674 2017 835 2050 haereses
853 2016 1065 2050 derivatum.

395 2076 535 2110 Floruit
553 2086 647 2109 anno
666 2083 854 2108 MDXLIH.
882 2078 923 2107 ut
941 2074 1086 2114 monui;
1115 2084 1219 2118 quem
1243 2074 1378 2107 exitum
1398 2073 1513 2107 honor
1531 2074 1589 2107 ille
1609 2075 1740 2119 impor-

342 2141 450 2167 tunus
469 2134 645 2173 habuerit,
664 2143 736 2167 non
754 2133 887 2166 inveni.

772 2248 815 2282 Β.
844 2247 1172 2282 GOSCELINUS.
1225 2247 1308 2282 610.

341 2366 384 2401 Β.
431 2365 702 2406 GOSCELINUS,
759 2365 961 2406 Gocelinus,
1017 2365 1209 2404 Joeelinus,
1260 2365 1486 2399 Glascuensis
1540 2365 1734 2408 episcopus,

341 2437 361 2458 a
412 2424 606 2458 Wilhelmo
657 2435 739 2469 rege
791 2423 946 2457 Romam
998 2427 1119 2458 orator
1166 2423 1307 2462 missus,
1360 2422 1735 2456 excommunicationis
