2032 2912
730 318 907 352 GENTIS
931 318 1209 358 SCOTORUM,
1235 318 1325 352 LIB.
1351 318 1396 351 11.
1705 319 1767 352 107

513 414 567 448 De
586 414 725 448 Praelio
743 413 1031 454 otterburnensi,
1048 424 1111 449 seu
1128 415 1171 449 de
1188 413 1351 449 Victoria
1368 412 1556 448 Scotorum
1575 412 1675 448 Duce
1694 412 1762 447 Co-

561 471 647 505 mite
664 470 868 517 Duglassio‚
886 474 1010 504 contra
1026 469 1165 517 Anglos
1182 471 1282 505 Duce
1300 470 1440 505 Comite
1458 470 1623 505 Persaeo.

415 528 517 563 Vixit
534 539 627 563 anno
647 535 826 562 Mcccxc.
871 526 1160 562 Scotichronicon
1177 527 1240 562 lib.
1259 536 1346 562 xlv,
1364 539 1441 573 cap.
1461 537 1497 562 1..

697 623 1004 659 STEPHANUS
1030 623 1285 659 BROUNUS.
1343 625 1426 663 196.

362 701 608 733 STEPHANUS
626 697 807 738 Brounus,
825 697 1057 732 Carmelitani
1074 698 1210 733 ordinis
1228 699 1435 740 monachus,
1457 711 1552 734 unus
1569 711 1614 734 ex
1634 701 1763 734 duode-

361 757 430 790 cim
448 755 535 790 viris
553 766 712 790 summae
729 755 826 801 apud
842 766 926 790 suos
944 756 1180 796 auctoritatis,
1204 767 1294 801 quos
1318 756 1398 791 ideo
1422 756 1616 791 Eduardus
1635 756 1665 791 Ι.
1687 756 1764 790 An—

361 814 453 858 gliae
479 824 552 853 rex,
583 814 769 858 tyrannice
800 818 929 848 vexata
959 812 1088 854 Scotia‚
1119 813 1298 848 Oxoniam
1328 813 1519 861 ablegavit,
1550 813 1670 859 ibique
1700 824 1763 858 per

361 882 465 905 suum
485 870 584 905 nefas
601 871 734 906 invitos
752 871 865 905 veluti
882 871 920 904 in
938 870 1099 905 custodia
1115 871 1242 910 tenuit,
1261 882 1306 905 ne
1329 876 1478 905 conatus
1504 882 1587 906 suos
1613 871 1763 916 impedi-

361 933 450 963 rent.
488 927 512 962 J
514 939 545 962 o.
561 928 730 963 Leslaeus
743 928 805 962 lib.
822 928 919 963 Hist.
934 928 1028 962 Scot.
1067 927 1237 963 Meminit
1253 929 1363 963 etiam
1380 929 1457 974 ejus
1471 928 1657 964 Conradus
1673 928 1760 963 Tre-

360 986 512 1026 monius,
537 985 730 1020 Carmelita
752 985 962 1026 Germanus,
986 986 1024 1019 in
1048 984 1220 1032 Catalogo
1244 984 1507 1030 Episcoporum
1530 986 1587 1020 sui
1613 985 1758 1020 ordinis.

362 1044 449 1078 Fuit
466 1043 533 1085 hic,
554 1044 584 1078 si
601 1043 803 1089 quisquam,
821 1054 863 1078 eo
879 1054 968 1078 aevo
985 1043 1023 1077 in
1039 1043 1150 1078 saeris
1167 1043 1280 1077 literis
1298 1043 1436 1077 erudite
1452 1048 1626 1078 versatus.
1668 1042 1760 1089 Ejus

360 1106 443 1135 sunt
457 1111 464 1135 :

508 1158 704 1193 Conciones
722 1159 892 1199 eruditae,
910 1159 962 1193 ait
981 1158 1143 1198 Balaeus,
1352 1158 1414 1192 lib.
1435 1167 1460 1192 1.

509 1215 683 1251 Lecturae
701 1216 740 1250 in
759 1215 956 1262 Theologia
1353 1215 1415 1249 lib.
1437 1224 1463 1250 1.

508 1273 674 1307 Psalterii
692 1272 885 1318 Expositio
1354 1273 1417 1307 lib.
1438 1282 1463 1307 ι.

507 1328 693 1374 Epistolae
1354 1329 1416 1364 lib.
1437 1338 1462 1363 1.

410 1386 576 1422 Florebat
593 1397 687 1422 anno
707 1395 889 1422 MCCCXL.

693 1484 919 1521 JACOBUS
943 1484 1277 1521 BALLANTYN.
1331 1488 1418 1525 197.

357 1561 379 1594 J
385 1569 537 1595 Aconus
563 1560 770 1606 Ballantyn,
800 1559 838 1595 S·
864 1560 1063 1607 theologiae
1092 1561 1227 1601 doctor,
1257 1559 1527 1594 archidiaconus
1554 1559 1758 1595 Moravien-

357 1619 416 1658 sis,
442 1618 618 1653 laboriosa
642 1629 728 1652 cura
750 1622 785 1653 et
808 1618 1006 1653 incredibili
1029 1618 1150 1653 studio
1172 1622 1267 1652 artes
1289 1628 1412 1652 omnes
1436 1617 1624 1658 humanas,
1651 1622 1757 1662 atque

357 1676 464 1709 etiam
483 1676 636 1716 divinas,
654 1676 824 1720 percepit.
877 1675 971 1721 Ejus
989 1680 1097 1711 sunt:

506 1732 652 1767 Boethii
671 1732 853 1767 Historiae
870 1731 999 1767 Versio
1016 1733 1055 1766 in
1072 1731 1251 1766 Scoticum
1351 1732 1413 1766 lib.
1434 1741 1524 1766 X1x.

507 1789 690 1823 Historiae
707 1788 865 1824 Scoticae
883 1789 1164 1836 Cosmographia
1353 1789 1416 1823 lib.
1436 1798 1460 1823 1.

508 1846 684 1881 Albaniae
701 1845 904 1891 Descriptio
1357 1846 1418 1881 lib.
1439 1855 1463 1880 1.

505 1904 688 1949 Epistolae
706 1905 751 1938 ad
767 1904 791 1938 J
794 1904 941 1939 acobum
960 1904 1004 1939 V.
1354 1903 1416 1938 lib.
1436 1912 1461 1938 1.

507 1961 561 1996 De
578 1961 703 1995 Litera
719 1961 947 2008 Pythagorae
1354 1961 1414 1995 lib.
1436 1970 1461 1994 Ι.

508 2019 561 2053 De
579 2018 725 2053 Virtute
742 2024 778 2053 et
794 2018 990 2064 Voluptate
1106 2051 1112 2057 ,
1352 2018 1414 2053 lib.
1434 2027 1459 2052 1.

506 2077 619 2121 Super
636 2076 791 2121 quodam
810 2075 956 2111 Somnio
1352 2076 1413 2110 lib.
1435 2085 1459 2109 1.

509 2134 651 2168 Diversi
671 2134 811 2180 generis
830 2134 998 2169 Carmina
1351 2134 1413 2168 lib.
1434 2142 1458 2167 1.

408 2193 508 2227 Obiit
526 2191 662 2226 Romae
679 2202 783 2232 anno,
801 2197 844 2226 ut
861 2196 960 2237 puto,
981 2200 1082 2226 MDL.

682 2289 906 2325 JACOBUS
931 2289 1295 2325 BASSANTINUS.
1350 2291 1432 2328 198.

355 2367 377 2399 J
383 2373 534 2400 ACOBUS
569 2365 806 2400 Bassantinus
840 2375 962 2399 omnes
996 2365 1052 2399 sui
1086 2364 1194 2399 seculi
1230 2364 1499 2399 mathematicos
1534 2365 1639 2410 longe
1674 2369 1753 2409 post

358 2435 394 2457 se
429 2424 596 2469 reliquit3
636 2423 674 2457 in
704 2422 831 2457 Galliis
861 2426 896 2457 et
925 2421 1126 2457 Gen-maniis
1156 2422 1266 2457 bonas
1296 2427 1390 2457 artes
1418 2427 1454 2457 et
1483 2422 1607 2457 didicit
1633 2427 1669 2456 et
1693 2422 1754 2455 do-
