2032 2912
364 314 428 344 318
749 313 982 347 HISTORIA
1006 313 1381 348 ECCLESIASTICA

416 410 575 454 Tempus
601 414 637 442 et
663 413 760 443 aetas
785 409 932 450 incerta,
958 410 1033 444 dies
1051 410 1168 444 cultus
1188 418 1309 444 XXIX.
1329 409 1431 444 Maii.
1485 409 1646 445 Tabulae
1666 411 1761 446 Rhe-

365 479 512 503 menses,

819 583 1022 618 GALDUS
1049 583 1169 618 REX.
1222 586 1306 622 592.

365 699 545 739 GALDUS,
563 710 627 733 rex
644 698 782 733 Scotiae
800 708 889 734 XXI.
907 699 1077 734 Dardano
1095 700 1274 735 successit.
1311 699 1427 735 Semel
1444 700 1609 736 Romana
1627 707 1755 741 castra,

364 769 455 802 quae
482 762 582 792 trans
608 756 819 791 Bodotriam
843 757 964 792 Julius
992 757 1164 804 Agricola
1188 758 1352 798 duxerat,
1379 763 1488 793 noctu
1511 760 1669 800 adortus,
1695 770 1760 793 suo

363 817 456 849 malo
474 816 648 860 repulsus,
666 815 794 849 deinde
811 815 856 850 ab
873 816 996 850 eodem
1014 815 1185 862 Agricola
1201 816 1351 850 stataria
1367 827 1490 862 pugna
1515 817 1664 858 fractus,
1692 817 1758 851 Cn.

365 872 596 913 Trebellium,
614 873 727 907 eidem
746 884 828 907 cum
846 884 988 907 summa
1010 874 1119 920 legati
1142 878 1318 918 potestate
1342 874 1599 916 succedentem,
1625 875 1759 920 triplici

365 931 438 965 acie
456 932 584 965 collata
607 935 826 975 superatum,
853 931 939 965 totis
963 930 1175 965 Caledoniae
1192 931 1322 966 finibus
1340 932 1470 978 exegit.
1525 932 1623 967 Haec
1641 944 1761 967 recen-

362 992 469 1025 tiores
483 991 591 1037 juxta
608 1002 648 1024 ac
666 994 802 1024 veteres
820 1000 940 1023 rerum
958 988 1178 1023 Scoticarum
1196 989 1367 1034 scripsere
1385 990 1547 1025 annales:
1565 1002 1657 1036 quae
1675 1002 1761 1037 ergo

363 1049 519 1082 amentia
536 1053 590 1083 est
612 1048 779 1094 ignobilis
807 1047 953 1088 Pitsaei,
979 1047 1041 1092 qui
1066 1058 1147 1093 pag.
1168 1056 1284 1081 LXXI.
1311 1048 1413 1082 illum
1437 1048 1512 1082 suis
1535 1053 1760 1088 annumerat,

362 1117 402 1140 ac
417 1106 455 1140 in
470 1106 505 1140 id
521 1105 690 1140 Tacitum
703 1105 826 1140 laudat
837 1104 854 1138 ἶ)
882 1104 943 1139 Tu
959 1105 1069 1139 lector
1086 1109 1203 1139 tecum
1221 1109 1359 1150 reputa,
1379 1117 1445 1152 ego
1459 1105 1579 1140 Taciti
1598 1106 1708 1141 verba
1721 1106 1759 1140 in

363 1164 551 1211 Agricolae
576 1162 665 1198 Vita
694 1163 827 1198 affero:
857 1166 880 1183 “
906 1162 967 1196 Ad
990 1174 1117 1197 manus
1145 1168 1181 1197 et
1212 1174 1314 1198 arma
1338 1164 1500 1198 conversi
1528 1163 1757 1198 Caledoniam

362 1223 553 1256 incolentes
567 1222 702 1267 populi,
714 1233 845 1268 magno
858 1226 998 1267 paratu,
1014 1221 1149 1268 majore
1162 1220 1290 1256 fama.’'
1316 1221 1404 1256 Post
1415 1232 1539 1267 pauca,
1554 1221 1757 1256 ferocientis

362 1280 486 1315 militis
505 1280 669 1314 alacritas
687 1279 861 1314 fremebat
878 1279 1132 1324 penetrandam
1152 1279 1403 1314 Caledoniam:
1430 1291 1538 1325 quam
1566 1291 1648 1314 vere
1673 1280 1759 1314 haec

362 1340 403 1372 de
422 1339 506 1378 tuis,
522 1337 674 1379 Pitsaee,
692 1337 903 1372 Britannis?
924 1337 1005 1382 Ipse
1017 1336 1151 1371 Galdus
1166 1348 1229 1371 seu
1241 1336 1418 1383 Galgacus
1432 1337 1518 1372 haec
1529 1338 1579 1372 ibi
1592 1348 1600 1372 ε
1629 1342 1649 1357 ‘⁴
1664 1337 1759 1372 Nam

362 1401 396 1429 et
414 1396 573 1430 universi
592 1395 776 1429 servitutis
794 1400 956 1440 expertes
971 1396 1002 1436 ;”
1028 1394 1198 1429 Britanni
1215 1406 1301 1429 vero
1324 1395 1448 1436 vestri,
1468 1395 1621 1436 Pitsaee,
1643 1396 1720 1441 jam
1739 1408 1761 1430 a

361 1453 511 1488 Claudio
530 1453 680 1487 Caesare
693 1453 826 1499 jugum
844 1452 1016 1487 ferebant.
1055 1452 1179 1498 Pergit
1191 1452 1351 1487 Galdus:
1372 1457 1394 1473 ‘⁶
1408 1452 1632 1488 Nobilissimi
1647 1454 1758 1488 totius

361 1511 581 1551 Britanniae,
609 1522 720 1556 eoque
746 1511 784 1544 in
809 1510 897 1555 ipsis
923 1510 1163 1555 penetralibus
1187 1511 1260 1551 siti,
1285 1522 1350 1545 nec
1376 1512 1609 1545 servientium
1636 1512 1758 1546 littora

361 1569 581 1614 aspicientes,
600 1569 719 1603 oculos
737 1579 879 1613 quoque
898 1580 919 1602 a
936 1573 1102 1603 contactu
1120 1569 1374 1603 dominationis
1392 1569 1583 1603 inviolatos
1605 1569 1757 1603 habeba·

361 1627 473 1661 mus.''
511 1626 604 1660 Ecce
623 1626 759 1660 Galdus
772 1637 817 1660 ne
830 1630 913 1660 tuae
925 1625 1147 1667 Britanniae,
1168 1625 1321 1667 Pitsaee,
1334 1627 1458 1661 littora
1469 1626 1620 1661 viderat.
1661 1626 1757 1661 Tum

361 1686 451 1718 idem
464 1695 471 1718 :
487 1690 507 1704 ‘⁶
516 1684 591 1718 Nos
603 1684 746 1729 integri,
758 1688 793 1718 et
804 1683 1002 1717 indomiti.”
1019 1683 1072 1718 At
1083 1688 1147 1718 tua
1154 1683 1345 1719 Britannia
1355 1685 1481 1724 lacera,
1492 1684 1641 1725 Pitsaee,
1650 1690 1685 1719 et
1698 1685 1759 1718 do-

360 1744 464 1783 mita3
484 1743 545 1776 sed
558 1742 645 1776 haec
658 1742 741 1776 audi
756 1741 802 1775 ab
815 1741 937 1776 eodem
951 1741 1029 1786 ipso
1043 1741 1175 1776 Galdo:
1190 1741 1460 1777 “Ostendamus
1472 1754 1561 1788 quos
1575 1743 1642 1777 sibi
1658 1742 1758 1777 Cale-

360 1801 466 1834 donia
481 1800 576 1835 viros
591 1800 821 1845 seposuerit.’'
864 1798 958 1834 Vere
971 1800 1016 1834 ad
1029 1811 1117 1839 rem,
1131 1800 1214 1834 licet
1233 1800 1342 1834 verbo
1356 1801 1633 1835 contumeliosus
1648 1801 1758 1847 Agri-

361 1861 446 1898 cola,
462 1859 518 1892 cui
531 1858 706 1898 Pitsaeus‚
719 1863 760 1892 ut
771 1862 870 1902 puto,
883 1857 988 1892 fidem
999 1858 1161 1893 habebit:
1180 1862 1201 1877 “
1215 1857 1247 1892 Ii
1260 1864 1482 1893 caeterorum
1496 1858 1757 1894 Britannorum

361 1916 592 1962 fugacissimi,
611 1917 760 1960 ideoque
779 1920 852 1950 tam
867 1916 931 1949 diu
943 1916 1186 1960 superstites.”
1213 1916 1327 1950 Paulo
1340 1921 1420 1960 post
1433 1917 1526 1951 idem
1541 1917 1634 1951 dux:
1653 1922 1674 1937 ‘⁶
1686 1917 1758 1951 Im-

361 1975 481 2017 ponite
495 1974 758 2020 quinquaginta
771 1973 874 2008 annis
886 1984 1057 2019 magnum
1071 1974 1197 2008 diem.''
1224 1973 1325 2020 Ergo
1340 1974 1406 2015 tui,
1420 1974 1574 2016 Pitsaee,
1588 1974 1755 2009 Britanni

363 2042 397 2066 1„
418 2033 520 2066 annis
539 2032 722 2066 servitutis
737 2032 868 2078 jugum
887 2032 1055 2072 tulerant,
1074 2031 1258 2066 Caledonii
1276 2043 1357 2066 cum
1377 2031 1492 2067 Galdo
1509 2033 1647 2068 intacti.
1688 2033 1757 2067 Sed

361 2091 446 2134 quia
463 2096 503 2124 tu
523 2102 586 2124 nec
603 2091 709 2125 militi
737 2090 912 2131 Romano,
938 2101 1002 2124 nec
1027 2089 1218 2136 Agricolae
1244 2090 1434 2135 praefecto,
1458 2101 1522 2125 nec
1545 2091 1614 2136 ipsi
1642 2090 1756 2125 Galdo

362 2149 587 2189 credendum,
596 2148 748 2189 Pitsaee,
758 2148 953 2189 existimas,
965 2147 1068 2181 fidem
1082 2149 1208 2182 saltem
1218 2147 1356 2188 Tacito,
1368 2153 1442 2182 tam
1450 2149 1565 2183 veraci
1578 2149 1755 2194 scriptori,

363 2207 637 2251 haudquaquam
656 2206 865 2252 abrogabis:
894 2211 915 2226 “
933 2205 1028 2246 Quia
1045 2210 1169 2240 exacta
1185 2210 1319 2240 aestate
1337 2206 1468 2240 bellum
1487 2207 1606 2252 spargi
1633 2208 1756 2252 nequi-

364 2264 434 2303 bat,
459 2264 496 2297 in
517 2263 754 2298 Horestorum
771 2263 858 2298 fines
876 2262 1010 2298 ducit.'’
1061 2262 1132 2297 Ubi
1159 2263 1243 2297 illi?
1295 2263 1391 2298 Scoti
1417 2269 1453 2298 te
1479 2265 1656 2299 docebunt
1682 2277 1756 2299 esse

364 2320 543 2354 Marniam
555 2325 590 2355 et
601 2321 815 2367 Angusiam.
863 2321 923 2356 Ex
936 2322 992 2356 his
1006 2322 1167 2366 pauculis
1181 2321 1267 2355 fides
1281 2321 1484 2368 Anglorum
1499 2323 1752 2357 hodiernorum

365 2380 401 2412 in
421 2384 542 2423 aperto
560 2385 624 2419 est,
642 2391 705 2413 nec
723 2379 861 2414 Scotiae
878 2391 951 2414 non
968 2391 1074 2414 suum
1093 2380 1199 2414 decus
1217 2385 1369 2414 constat.
1422 2379 1574 2426 Scripsit
1594 2380 1729 2415 Galdus

510 2436 706 2472 Conciones
725 2438 896 2472 militares
1097 2438 1158 2472 lib.
1179 2448 1203 2473 1.
1255 2437 1415 2487 Tacitus.
