2032 2912
350 303 392 332 28
725 292 953 328 HISTORIA
974 286 1344 323 ECCLESIASTICA

356 403 408 428 1v.
431 392 586 438 Augusti
609 402 629 424 a
653 387 857 423 Florentina
879 390 915 420 et
937 384 1114 419 Fesulana
1136 380 1300 416 ecclesiis.
1325 377 1473 412 Sacrum
1496 376 1573 422 ejus
1597 387 1725 422 corpus

353 448 511 493 religiose
528 448 728 480 asservatur
743 443 781 475 in
798 441 929 485 templo
945 439 992 473 D.
1011 439 1162 474 Martini
1181 439 1224 472 de
1248 436 1413 471 Mensula
1438 444 1511 468 non
1533 435 1638 480 longe
1662 434 1729 469 Fe.

353 504 449 538 sulis.
500 501 696 535 Historiam
713 509 818 544 porro
835 508 935 532 suam
954 496 1140 531 Cattanius
1158 507 1179 529 a
1197 494 1364 538 Philippo
1381 491 1542 526 Villanio
1560 492 1730 526 historico

353 558 556 593 Florentino
572 557 702 591 hausit.
753 554 979 589 Sebastianus
998 553 1164 592 Medices,
1189 556 1224 586 et
1247 549 1457 584 Franciscus
1483 548 1526 582 de
1544 548 1649 589 Pisis,
1675 550 1729 583 in-

351 616 500 660 quisitor
517 614 754 652 Florentinus,
773 617 794 631 “
811 611 1004 650 Donatum,
1028 615 1063 645 et
1079 609 1261 644 Andream
1285 607 1328 640 de
1353 604 1492 640 Scotia”
1516 611 1669 641 vocant:
1695 613 1730 640 et

352 672 481 716 Philip.
500 671 638 705 Ferrar.
690 669 829 704 Colitur
846 676 962 701 XXVI.
979 666 1077 713 Aug.

648 781 876 817 JOANNES
900 777 1310 815 ABERCROMBIUS.
1364 780 1423 812 32.

349 898 372 931 J
375 905 537 931 oANNEs
553 895 838 934 Abercrombius,
856 893 1118 932 Benedictinus,
1136 896 1177 926 ut
1194 895 1292 936 puto,
1310 891 1448 926 haeresi
1472 892 1511 926 in
1532 891 1650 927 Scotia
1666 904 1728 928 na-

348 955 457 988 scenti
483 954 637 987 animose
662 952 804 991 restitit,
830 955 865 985 et
890 950 1057 984 acerrime
1081 949 1262 994 religionis
1288 949 1482 993 puritatem
1508 950 1616 985 verbo
1645 962 1726 996 pro-

346 1010 530 1056 pugnavit,
548 1010 652 1043 etiam
671 1008 804 1042 Christi
823 1018 927 1041 causa
943 1010 1092 1040 mortem
1112 1016 1247 1050 passus.
1299 1004 1392 1052 EJus
1410 1010 1517 1041 sunt:

491 1065 660 1099 Veritatis
677 1063 844 1097 Defensio
1224 1062 1287 1096 lib.
1307 1071 1333 1096 1.

490 1121 655 1155 Haeresis
672 1119 842 1153 Confusio
1222 1119 1283 1153 lib.
1304 1128 1329 1154 1.

394 1178 545 1212 Vivebat
563 1188 654 1211 anno
673 1184 823 1210 MDLXI.

789 1290 824 1324 S.
851 1289 1159 1326 A-DELARIUS.
1212 1294 1272 1327 33.

347 1408 381 1441 S.
407 1407 648 1442 ADELARIUS
678 1411 782 1441 natus
812 1406 850 1439 in
877 1404 1005 1446 Scotia,
1032 1416 1112 1439 cum
1138 1405 1174 1440 S.
1202 1405 1389 1441 Bonifacio
1413 1419 1503 1452 puer
1526 1410 1643 1454 patria
1668 1422 1725 1445 ex-

346 1469 517 1509 portatus,
543 1464 734 1498 monastico
759 1468 843 1497 voto
869 1464 907 1497 in
932 1462 1067 1509 Anglia
1096 1463 1298 1504 obstrictus,
1329 1461 1367 1497 in
1397 1466 1612 1500 monasterio
1643 1466 1726 1501 Mu-

346 1521 493 1555 schellae
521 1525 735 1554 memoratur
763 1521 923 1554 sacerdos
953 1520 1092 1554 factus:
1123 1520 1274 1554 eundem
1305 1520 1544 1562 Bonifacium,
1574 1523 1619 1557 ad
1645 1535 1724 1558 con-

346 1578 539 1611 versionem
568 1577 770 1616 infidelium,
801 1581 952 1617 secutus,
982 1577 1119 1621 primus
1147 1576 1379 1612 Herefordiae
1405 1579 1589 1623 episcopus
1620 1581 1722 1615 inau-

345 1639 504 1680 guratus,
522 1644 658 1668 summa
675 1634 860 1668 sanctitate
878 1634 981 1674 vixit,
999 1634 1133 1679 majore
1147 1645 1168 1667 a
1182 1633 1309 1668 Frisiis
1327 1646 1459 1675 caesus,
1477 1647 1571 1671 unus
1590 1648 1633 1671 ex
1652 1646 1723 1671 L11.

345 1691 518 1724 Bonifacii
544 1691 644 1725 sociis
668 1691 852 1725 veritatem
876 1691 1047 1737 sanguine
1071 1690 1236 1724 firmavit.
1288 1691 1386 1726 Haec
1411 1693 1618 1727 summatim
1642 1694 1724 1729 Sco-

343 1747 569 1787 tichronicon‚
594 1748 668 1781 sive
694 1748 822 1787 verius,
848 1748 925 1793 ejus
951 1748 1176 1781 continuator
1202 1747 1358 1793 Magnus
1377 1748 1589 1783 Maculloch.
1641 1750 1722 1785 Sco-

342 1810 418 1838 tum
447 1804 596 1847 probant
620 1805 818 1838 communio
844 1805 949 1845 vitae,
979 1804 1151 1844 laborum,
1182 1805 1417 1850 martyriique
1442 1816 1523 1840 cum
1549 1806 1585 1840 S.
1613 1806 1724 1842 Boni-

343 1860 432 1894 facio
464 1865 551 1900 acta,
585 1861 775 1895 auctoritas
809 1861 1072 1901 Scotichronici,
1107 1862 1167 1895 sed
1201 1863 1306 1907 longe
1340 1863 1517 1897 valentius
1546 1870 1723 1899 monaste-

344 1918 435 1951 rium
454 1916 694 1956 Herefordiae,
712 1917 824 1952 Scotis
837 1918 874 1951 in
888 1922 1098 1962 perpetuum
1116 1922 1285 1958 erectum,
1304 1918 1444 1953 Scotiae
1457 1921 1582 1954 asserit
1596 1921 1721 1955 civem.

344 1973 480 2007 Colitur
496 1973 552 2006 die
570 1982 607 2007 V.
625 1973 648 2006 J
651 1974 736 2014 unii,
755 1986 825 2018 quo
842 1986 978 2018 passus,
996 1979 1031 2008 et
1048 1975 1235 2009 translatio
1254 1984 1325 2009 XX.
1343 1976 1460 2021 April.
1487 1976 1617 2012 Petrus
1636 1978 1721 2013 Cra·

346 2029 504 2073 tepolius.
526 2029 646 2064 Uvion
659 2031 718 2064 lib.
732 2040 774 2065 11.
786 2031 867 2077 Lig.
878 2030 984 2066 Vitae
997 2042 1072 2076 cap.
1086 2040 1171 2066 XLI.
1199 2032 1296 2066 Male
1310 2032 1486 2067 Trithem.
1500 2034 1561 2068 lib.
1576 2043 1631 2069 IV.
1646 2035 1722 2070 Vir.

346 2087 471 2120 illustr.
489 2085 573 2120 Ord.
593 2085 627 2120 S.
645 2087 778 2122 Bened.
797 2100 872 2134 cap.
891 2096 1064 2123 cxxeln.
1083 2089 1114 2123 ei
1131 2090 1285 2123 natalem
1304 2090 1463 2136 assignat
1480 2099 1551 2126 xx.
1570 2090 1719 2136 Aprilis.

343 2141 488 2186 Scripsit

487 2197 546 2231 Ad
563 2198 723 2233 Infideles
1220 2203 1281 2237 lib.
1299 2211 1326 2237 1.

488 2253 547 2287 Ad
563 2254 747 2290 Pontifices
1218 2259 1280 2294 lib.
1300 2268 1324 2293 1.

393 2309 522 2344 Passus
539 2314 591 2344 est
608 2322 699 2346 anno
716 2320 878 2348 DchIV.
