2032 2912
699 345 874 378 GENTIS
898 343 1175 382 SCOTORUM‚
1204 343 1294 377 LIB.
1319 344 1346 376 1.
1707 344 1733 375 ’9

341 439 397 474 Jo.
417 452 438 474 a
455 439 571 486 Nigra
587 439 688 474 Valle
706 439 806 483 Epit.
826 438 1032 474 Chronicar.
1052 443 1075 459 ‘⁶
1092 438 1128 472 S.
1147 438 1280 473 Aidan.
1299 437 1523 472 Scotiensis.’‘

394 497 464 531 Hic
481 508 553 531 non
576 497 679 531 aliter
701 495 848 529 docebat
870 507 978 540 quam
1003 496 1168 530 vivebat:
1194 496 1273 530 ideo
1291 496 1375 541 jure
1400 493 1733 529 Northumbrorum

343 555 524 598 apostolus
554 565 575 587 a
603 559 709 599 gente
739 563 780 586 ea
809 553 853 586 ad
883 552 1069 586 Christum
1100 563 1270 586 conversa
1300 552 1418 586 vocari
1454 552 1596 585 meruit.
1626 550 1731 584 Joan.
1751 544 1754 548 ’

344 610 512 644 Leslaeus
534 611 595 644 lib.
615 618 669 643 IV.
696 609 792 643 Hist.
817 608 910 643 Scot.
935 620 1016 655 pag.
1037 617 1180 643 eLV111.
1232 609 1329 642 Coisi
1353 609 1528 643 idolorum
1554 608 1732 642 sacerdote

344 667 442 700 victo
458 667 639 712 regionem
657 665 802 700 Christo
820 666 990 700 subdidit.
1041 665 1158 699 Hunt.
1178 665 1276 699 Hist.
1294 666 1355 699 lib.
1376 674 1437 699 111.
1490 665 1542 699 Et
1555 666 1634 699 ideo
1647 665 1732 699 Lin-

342 722 573 757 disfarnensis
603 723 767 757 ecclesiae
795 723 934 767 primus
966 723 1162 767 episcopus,
1188 722 1307 756 sedem
1333 723 1371 756 in
1396 722 1514 756 insula
1539 734 1580 756 ea
1605 723 1733 756 consti-

341 779 413 814 tuit
435 780 584 824 primus,
610 791 701 824 quae
724 785 858 824 postea,
883 780 1002 814 insula
1023 780 1115 814 bello
1132 784 1283 820 vastata,
1307 779 1526 813 Dunelmum
1549 780 1733 814 translata.

343 836 468 882 Polyd.
487 836 590 883 Virg.
609 838 669 871 lib.
689 845 726 870 v.
747 837 843 871 Hist.
862 837 972 883 Angl.
992 848 1072 882 pag.
1092 845 1155 871 cv,
1208 836 1279 870 Hic
1304 837 1456 881 primam
1480 836 1649 871 feminam
1673 848 1734 870 no-

341 894 436 928 mine
463 894 559 928 Hein
584 895 623 928 in
648 906 689 929 ea
714 895 832 928 insula
861 894 1165 929 sanctimonialem
1196 895 1427 928 consecravit.
1460 892 1558 928 Beda
1587 893 1648 928 lib.
1678 903 1732 928 lv,

344 950 440 985 Hist.
458 950 663 986 Ecclesiast.
682 951 792 998 Angl.
812 963 887 996 cap.
907 960 1013 985 XXII.
1066 950 1159 986 Vide
1176 951 1271 986 infra
1293 951 1350 985 hic
1368 952 1429 986 lib.
1450 960 1510 985 111.
1529 951 1567 985 in
1589 948 1733 986 Corma-

343 1019 422 1049 πω,
441 1009 503 1043 ubi
520 1009 649 1043 fusius.
701 1009 793 1055 Ejus
813 1020 898 1043 vero
917 1014 1012 1050 sunt,

490 1066 747 1101 Commentarii
767 1066 804 1100 in
822 1066 1024 1111 Scripturas
1280 1067 1341 1102 lib.
1361 1076 1386 1101 Ι.

491 1123 671 1158 Homiliae
1279 1125 1339 1159 lib.
1361 1133 1385 1159 1.

491 1180 686 1215 Conciones
1281 1183 1342 1217 lib.
1362 1192 1386 1216 1.

390 1237 491 1272 Obiit
508 1248 602 1271 anno
618 1238 744 1271 salutis
763 1246 872 1271 DCLI.
913 1238 1005 1272 Ossa
1022 1250 1107 1273 vero
1124 1239 1162 1273 in
1180 1238 1299 1273 Scotia
1315 1250 1378 1283 per
1396 1239 1633 1274 Colmannum
1656 1251 1732 1275 suc-

343 1305 516 1328 cessorem
552 1295 736 1334 translata,
771 1298 807 1328 et
836 1305 968 1338 paucae
997 1296 1168 1340 reliquiae
1199 1295 1403 1330 Glastoniae
1433 1297 1605 1331 conditae.
1637 1298 1732 1332 Guil.

341 1351 571 1385 Malmesbur.
624 1350 820 1386 Monachos
837 1362 909 1385 non
927 1352 1113 1386 cervisiam
1131 1356 1194 1386 aut
1219 1352 1355 1392 vinum,
1382 1353 1441 1387 sed
1468 1354 1522 1387 lac
1547 1358 1582 1387 et
1605 1365 1733 1399 aquam

342 1408 460 1443 bibere
477 1408 603 1448 voluit,
620 1409 691 1442 late
710 1408 884 1442 Hoveden
901 1413 994 1453 part.
1014 1417 1040 1442 1.
1058 1409 1171 1453 princ.
1190 1414 1226 1443 et
1244 1409 1374 1453 repetit
1392 1421 1473 1456 pag.
1493 1419 1613 1444 CCXL.
1664 1410 1736 1445 De-

341 1467 495 1501 mochar.
513 1470 599 1500 tom.
619 1474 680 1499 111.
698 1476 780 1512 pag.
795 1474 909 1499 XLVI.
928 1471 1015 1500 tom.
1031 1474 1086 1499 1v.
1101 1477 1183 1512 pag.
1198 1474 1341 1500 cxxw.
1361 1466 1506 1501 Scotum
1526 1467 1622 1508 facit,
1640 1472 1682 1502 ut
1700 1474 1735 1503 et

342 1523 403 1558 SS.
419 1523 635 1562 Finnanum,
648 1523 896 1563 Colmannum,
911 1522 1100 1563 Diurnam‚
1115 1528 1150 1557 et
1162 1523 1315 1557 Cellach.
1351 1523 1493 1559 Diserte
1507 1525 1655 1559 Bibliot.
1671 1525 1733 1559 SS.

342 1582 416 1616 ΡΡ.
439 1581 534 1625 apud
554 1580 612 1614 Jo.
636 1579 796 1614 Gualter.
823 1579 956 1614 Chron.
984 1579 1148 1614 Chronic.
1178 1592 1259 1626 pag.
1288 1589 1504 1616 DeeeeXcL
1532 1587 1554 1602 ‘⁶
1571 1582 1735 1616 Aidanus

342 1638 485 1674 Auvius
503 1637 661 1672 Scotus.”
698 1642 719 1657 “
731 1636 903 1671 Animam
921 1638 997 1683 ejus
1015 1648 1104 1682 puer
1122 1637 1355 1672 Cuthibertus
1374 1639 1464 1673 vidit
1483 1639 1527 1673 ab
1545 1641 1680 1685 angelis
1698 1641 1736 1674 in

343 1697 477 1731 coelum
491 1694 609 1735 ferri,'’
623 1695 674 1729 ait
687 1694 846 1728 Florent.
862 1694 1086 1740 Wigornien.
1123 1694 1300 1729 Memoria
1317 1695 1394 1741 ejus
1411 1697 1609 1730 celebratur
1626 1698 1671 1731 ab
1683 1699 1735 1731 ec*-

343 1754 448 1787 clesia
469 1752 526 1786 die
552 1761 673 1786 XXXI.
699 1751 871 1797 Augusti.
900 1751 1141 1797 Martyrologi
1164 1752 1365 1796 scriptores.
1394 1753 1528 1787 Molan.
1547 1753 1732 1788 Addition.

343 1810 497 1844 Usuard.
525 1809 760 1854 Martyrolog.
788 1808 940 1843 Roman.
968 1808 1046 1842 Pet.
1073 1807 1286 1842 Galesinius.
1311 1808 1629 1855 Archiepiscopum
1648 1810 1732 1845 facit

344 1867 526 1901 Arnoldus
545 1866 665 1900 Uvion
683 1866 743 1900 lib.
765 1874 807 1899 11.
827 1865 934 1911 Ligu.
952 1864 1058 1899 Vitae
1075 1876 1156 1911 pag.
1176 1874 1326 1899 CCXLV.

817 1980 853 2015 S.
880 1979 1175 2014 ADALGISUS.
1228 1982 1261 2014 8.

346 2098 507 2131 MAGNA
532 2096 731 2131 sanctitatis
761 2095 857 2130 fama
886 2095 1080 2142 Adalgisus
1110 2096 1268 2130 exercuit
1300 2096 1369 2130 viri
1391 2096 1483 2130 iboni
1514 2097 1666 2133 officium
1698 2101 1734 2134 in

345 2155 482 2200 Belgio,
508 2154 719 2198 suscipiente
746 2153 978 2199 Madelgario,
1004 2153 1066 2197 qui
1092 2157 1214 2197 postea
1238 2153 1389 2188 Sanctus
1421 2154 1634 2190 Vincentius
1665 2157 1737 2191 dic-

345 2217 404 2246 tus
435 2215 499 2251 est,
530 2211 743 2245 Hannoniae
769 2211 908 2244 comite.
963 2210 1077 2245 Notat
1105 2210 1290 2244 Aubertus
1321 2211 1479 2245 Miraeus
1510 2212 1553 2246 de
1584 2212 1737 2247 Canoni-

346 2278 466 2302 corum
499 2267 666 2313 Collegiis
696 2278 771 2312 cap.
803 2276 901 2301 XLV.
937 2267 1083 2302 comites
1120 2267 1230 2301 fuisse
1265 2273 1406 2302 sanctae
1441 2269 1736 2315 peregrinationis

346 2325 555 2364 Eumaeum,
587 2324 800 2364 Foillanum,
831 2324 1017 2364 Ultanum,
1056 2324 1263 2369 Eloquium,
1302 2324 1485 2366 Ettonem,
1520 2329 1559 2360 et
1588 2325 1736 2373 Adalgi-

345 2393 437 2416 sum.
478 2381 529 2415 Hi
543 2386 627 2416 sunt
640 2382 693 2415 illi
706 2381 749 2415 de
763 2381 892 2426 quibus
906 2381 1111 2428 Sigebertus
1130 2382 1168 2415 in
1186 2381 1318 2416 Chron.
1339 2386 1360 2401 ‘⁶
1375 2382 1522 2417 Praeter
1539 2383 1604 2418 hos
1621 2389 1656 2418 et
1674 2385 1735 2419 alii

346 2439 451 2473 multi
476 2439 520 2473 de
545 2438 679 2485 Anglia
710 2440 766 2473 vel
795 2438 913 2474 Scotia
938 2439 1203 2484 peregrinantes
1230 2439 1378 2474 verbum
1403 2439 1472 2474 Dei
1499 2441 1732 2481 seminabant,

1031 2504 1053 2529 c
