2032 2912
694 341 871 373 GENTIS
897 338 1175 378 SCOTORUM,
1199 338 1289 371 LIB.
1316 338 1380 371 ΙΙΙ.
1674 337 1733 369 147

333 449 370 471 re
389 438 503 471 multa
521 435 674 480 scripsit,
702 436 763 470 sed
789 447 880 480 quae
907 436 952 469 ad
977 446 1044 475 me,
1073 434 1215 469 nomine
1242 439 1346 469 tenus
1375 434 1511 473 saltem,
1540 436 1726 471 venerunt,

333 499 439 529 sunt:

482 552 528 586 In
547 555 664 586 totum
684 550 900 585 Psalterium
920 550 1207 584 Commentarius
1327 550 1389 584 lib.
1409 559 1435 583 Ι.

482 609 700 643 Collationes
719 608 764 642 ad
783 607 978 641 Monachos
1327 608 1388 641 lib.
1409 617 1434 641 Ι.

480 666 535 700 De
554 666 718 700 Moribus
737 676 860 699 eorum
1325 665 1387 699 lib.
1407 674 1432 699 Ι.
1451 676 1569 699 versu.

481 723 787 758 Monasteriorum
805 723 969 757 Methodi
1328 724 1389 758 lib.
1410 733 1435 759 1.

481 781 667 826 Epistolae
685 781 730 814 ad
749 780 1017 816 Commilitones
1328 782 1389 816 lib.
1410 791 1435 815 1.

480 839 667 874 Adversus
685 838 821 885 Regem
841 839 1043 874 adulterum
1327 839 1388 873 lib.
1410 848 1436 872 Ι.

481 897 668 942 Epistolae
686 897 731 930 ad
750 896 962 931 Hunaldum
981 897 1213 938 Acrostichis,
1232 898 1277 931 ad
1291 897 1452 937 Sethum,
1471 897 1516 930 ad
1533 896 1731 936 Fedolium‚

531 967 553 989 a
570 954 765 989 Melchiore
784 953 954 988 Goldasto
971 956 1183 1000 publicatae,
1202 961 1237 990 et
1255 956 1349 990 notis
1367 956 1577 994 illustratae,
1596 954 1657 988 lib.
1678 963 1703 988 Ι.

483 1013 654 1048 Carmina
681 1012 921 1053 Monasticha,
946 1024 1100 1058 quorum
1126 1015 1235 1048 editio
1261 1014 1378 1058 prima
1405 1012 1562 1047 Henrico
1589 1011 1732 1047 Canisio

430 1108 435 1110 ἓ
531 1071 691 1110 debetur,
1327 1071 1388 1106 lib.
1410 1080 1435 1105 1.

483 1129 625 1175 Regula
659 1127 895 1169 Coenobialis,
930 1127 1008 1162 MS.
1053 1129 1091 1163 in
1125 1129 1340 1164 bibliotheca
1375 1129 1408 1163 S.
1443 1128 1536 1163 Galli
1573 1129 1611 1163 in
1646 1128 1731 1163 Hel-

533 1186 641 1225 vetia,
1328 1187 1389 1221 lib.
1410 1197 1435 1221 1.

482 1244 668 1288 Epistolae
686 1243 729 1276 de
749 1242 899 1277 Miseria
915 1243 1092 1279 humanae
1110 1244 1228 1285 Vitae,
1247 1243 1326 1279 MS.
1346 1245 1477 1279 ibidem
1495 1245 1574 1285 loci,
1592 1245 1652 1280 lib.
1674 1254 1699 1279 1.

482 1301 593 1335 Liber
611 1300 920 1334 Poenitentiarum
941 1300 1150 1348 (Trithem.)
1328 1302 1390 1336 lib.
1411 1311 1436 1336 Ι.

482 1358 679 1392 Instructio
698 1358 740 1391 de
758 1357 859 1398 Fide,
886 1362 922 1392 et
948 1359 1018 1393 alia
1042 1361 1225 1400 nonnulla,
1253 1360 1304 1394 ait
1331 1359 1548 1394 Hartmotus
1571 1360 1609 1393 in
1634 1364 1735 1394 nota-

426 1456 429 1459 ,
534 1416 632 1449 tione
649 1415 823 1449 librorum
841 1416 904 1460 qui
922 1421 1007 1450 sunt
1024 1417 1062 1450 in
1080 1416 1201 1451 Sancti
1220 1417 1315 1451 Galli
1332 1417 1557 1458 bibliotheca,
1576 1417 1637 1452 lib.
1659 1425 1685 1450 1.

383 1474 493 1510 Venit
511 1485 556 1508 ex
575 1473 752 1507 Hibernia
768 1473 807 1507 in
825 1473 1054 1508 Britanniam
1079 1486 1172 1509 anno
1197 1484 1397 1509 Dxxxvn.
1425 1479 1466 1510 ut
1485 1475 1653 1521 Rhegino
1677 1475 1736 1510 ab·

334 1534 396 1568 bas
415 1531 627 1566 Pruviensis
646 1531 740 1571 vult,
769 1531 831 1565 sed
854 1532 969 1566 multo
988 1533 1101 1567 serius
1120 1544 1138 1566 e
1157 1532 1276 1567 Scotia
1294 1533 1333 1567 in
1350 1531 1523 1579 Angliam
1541 1534 1733 1573 descendit,

334 1595 375 1625 ut
409 1590 570 1635 loquitur
612 1588 821 1623 Matthaeus
862 1588 1257 1625 VVestmonasteriensis
1293 1602 1387 1625 anno
1423 1599 1567 1625 DLXVI.
1638 1591 1735 1625 Eum

333 1648 401 1683 sub
435 1647 610 1682 Mauritio
640 1646 738 1692 Aug.
767 1647 861 1681 locat
891 1646 1158 1693 wingartensis
1189 1649 1384 1683 monachus
1412 1649 1450 1682 in
1481 1649 1614 1683 Chron.
1649 1654 1733 1683 tom.

336 1715 363 1740 1.
390 1705 585 1749 Antiquar.
613 1704 773 1738 Lection.
802 1704 949 1738 Canisii.
998 1705 1217 1740 Coenobium
1236 1707 1443 1740 Luxovium
1462 1707 1620 1740 condidit
1642 1718 1735 1741 anno

339 1772 438 1798 DCII.
470 1763 645 1809 Sigebert.
674 1762 832 1796 Bobium
855 1773 951 1802 vero,
979 1764 1055 1797 sive
1082 1763 1250 1805 Bovium,
1283 1764 1417 1798 struxit
1447 1775 1540 1797 anno
1569 1772 1665 1798 DXC.
1694 1769 1736 1798 ut

337 1821 504 1855 Mariano
522 1822 648 1865 placet,
669 1820 726 1854 vel
743 1830 838 1853 anno
856 1828 968 1855 DCIV.
988 1820 1162 1867 Sigebert.
1182 1822 1283 1856 Obiit
1301 1833 1395 1855 anno
1414 1830 1590 1855 DXCVIH.
1617 1821 1737 1856 West-

335 1883 527 1913 monaster.
558 1879 615 1912 vel
645 1877 800 1911 Marian.
831 1879 887 1911 vel
915 1890 1009 1912 anno
1038 1888 1165 1913 DCXX.
1206 1879 1392 1920 Boethius,
1425 1880 1482 1913 vel
1509 1888 1668 1913 DCXXX.
1694 1886 1735 1913 ut

335 1936 514 1981 plerisque
534 1936 664 1970 visum.
716 1935 810 1981 Ejus
829 1936 1006 1980 discipuli,
1024 1942 1066 1971 ut
1083 1937 1285 1971 nominatos
1304 1938 1467 1972 omittam
1486 1948 1620 1977 omnes,
1639 1949 1737 1972 sanc-

335 1995 383 2029 tis
416 1993 653 2033 adnumerati,
690 1992 870 2034 Deicolus,
906 1994 1145 2035 Chanoaldus,
1179 1994 1398 2035 lValbertus,
1434 1995 1629 2034 Chsslenus,
1664 1995 1737 2030 Va-

336 2052 479 2093 laricus,
516 2051 765 2086 VVandelinus.
810 2051 987 2086 Trithem.
1024 2052 1085 2086 lib.
1119 2062 1180 2087 111.
1216 2053 1259 2087 de
1293 2053 1371 2088 Vir.
1408 2053 1574 2088 illustrib.
1608 2054 1734 2088 Ordin.

336 2110 372 2145 S.
402 2110 614 2150 Benedicti3
650 2113 686 2144 et
720 2110 884 2144 meminit
920 2110 1153 2157 Egilwardus
1183 2111 1244 2145 lib.
1282 2120 1343 2145 111.
1375 2112 1418 2146 de
1453 2111 1488 2146 S.
1525 2101 1735 2147 Burchardo

337 2180 412 2213 cap.
434 2177 476 2202 11.
824 2181 829 2185 ·

834 2283 871 2318 S.
900 2284 1100 2319 CELSUS.
1154 2287 1236 2319 245.

338 2401 372 2434 S.
402 2400 570 2441 CELSUS‚
599 2400 868 2446 religiosissimo
893 2401 1145 2447 peregrinandi
1176 2406 1260 2436 voto
1286 2406 1462 2447 suscepto,
1488 2403 1527 2437 in
1552 2402 1735 2449 Angliam,

337 2463 443 2503 atque
479 2458 561 2492 inde
595 2458 632 2492 in
667 2458 835 2505 Belgium
870 2458 1062 2504 profectus,
1098 2460 1296 2495 incredibili
1331 2461 1456 2495 ardore
1491 2460 1626 2496 Christi
1658 2473 1738 2496 cau-
