2032 2912
298 294 361 324 172
680 290 911 322 HISTORIA
936 288 1313 321 ECCLESIASTICA

301 387 424 420 ducem
444 397 487 420 ex
506 385 632 424 Gallia,
650 384 711 418 ubi
730 384 885 428 principi
912 395 977 418 suo
1003 383 1247 417 illustrissimo
1273 384 1391 429 legato
1418 382 1615 418 Barberino
1637 385 1695 418 ad-

298 445 442 477 modum
461 443 583 476 utilem
604 452 746 485 operam
764 452 897 475 navare
921 441 1063 481 dicitur,
1090 441 1270 475 editurum
1295 452 1491 485 speramus.
1545 440 1696 485 Scripsit

298 502 342 534 ad
361 501 455 539 haec,
475 499 724 544 Panegyricos,
744 498 914 533 Poemata
932 499 1042 539 varia,
1066 503 1107 532 ut
1134 502 1187 532 est
1213 498 1358 545 ingenio
1382 499 1427 533 ad
1453 509 1595 543 prosam
1620 510 1697 532 ora-

298 559 430 591 tionem
450 567 663 600 versumque
680 555 854 590 foecundo
873 560 908 590 et
925 556 1031 591 facili.

674 653 890 688 THOMAS
916 654 1173 689 CARCART.
1228 656 1311 692 297.

297 730 475 762 THOMAS
493 727 642 762 Carcart
660 728 797 769 Scotus,
817 740 860 762 ex
878 729 1198 773 Cataphraetorum
1220 729 1366 763 ductore
1384 729 1420 762 in
1440 728 1567 776 Belgio
1581 730 1696 764 factus

295 786 564 825 Franciscanus,
583 786 628 819 ad
645 787 789 832 regulae
808 786 1044 820 obedientiam
1062 787 1166 826 vixit,
1187 790 1222 820 et
1240 786 1278 820 in
1296 786 1364 820 Dei
1383 788 1561 821 mandatis
1579 799 1696 822 exces-

294 845 351 878 sit.
405 843 488 877 Uno
506 844 651 887 quidem
669 843 811 889 cingulo
830 844 1035 885 discinctus,
1054 844 1115 878 sed
1133 844 1271 877 meliori
1289 843 1454 884 donatus,
1473 844 1615 888 scripsit

441 900 497 934 De
515 901 650 935 Militia
668 900 855 945 Spirituali
1242 900 1303 934 lib.
1324 910 1349 934 1.

343 959 445 993 Obiit
462 958 686 1003 Antverpiae
704 969 798 992 anno
817 967 983 992 MDCXII.

604 1072 861 1107 GEORGIUS
888 1072 1237 1108 CAMERARIUS.
1293 1076 1375 1112 298.

292 1189 503 1223 Gssonems
522 1190 759 1230 Camerarius,
780 1200 842 1223 seu
860 1189 1013 1229 Calmer,
1033 1190 1235 1224 adolescens
1256 1191 1496 1231 doctissimus,
1522 1197 1604 1236 post
1622 1197 1695 1227 stu-

292 1248 433 1281 diorum
452 1259 595 1282 cursum
615 1249 652 1281 in
677 1247 796 1281 Scotia
819 1248 1033 1291 completum
1053 1247 1237 1282 Lutetiam
1264 1248 1374 1288 venit,
1402 1260 1473 1293 quo
1497 1249 1635 1284 doctior
1660 1256 1696 1285 et

292 1306 417 1339 melior
446 1305 555 1345 fieret,
586 1311 621 1340 et
651 1316 731 1338 cum
763 1305 914 1338 alterum
943 1316 1077 1339 annum
1105 1306 1155 1340 ibi
1182 1307 1220 1339 in
1244 1306 1428 1340 literarum
1455 1308 1582 1353 regina
1608 1309 1696 1343 urbe

292 1362 520 1402 substitisset,
540 1363 808 1406 Hierosolymos
834 1362 903 1395 iter
927 1362 1105 1404 intendit3
1134 1375 1260 1398 verum
1284 1375 1366 1398 cum
1389 1365 1427 1398 in
1452 1365 1579 1399 idoneo
1605 1367 1690 1400 anni

292 1424 450 1464 tempore
469 1420 507 1453 in
526 1419 667 1454 Italiam
691 1419 938 1460 descendisset,
965 1419 1166 1455 Bononiam
1190 1423 1340 1466 appulit,
1364 1423 1519 1467 indeque
1544 1423 1689 1458 Patavi-

291 1488 365 1517 um,
386 1478 564 1521 cataplum
583 1477 791 1511 orientalem
810 1480 1084 1520 expectaturus:
1111 1479 1172 1513 sed
1190 1480 1253 1513 diu
1280 1480 1395 1514 virtus
1422 1481 1494 1521 illa,
1520 1485 1555 1514 et
1581 1482 1694 1516 solida

290 1535 475 1579 majorque
494 1539 609 1569 aetate
627 1535 799 1574 doctrina,
818 1535 927 1568 latere
945 1536 1040 1579 apud
1057 1538 1229 1581 populum
1250 1538 1519 1582 sagacissimum
1538 1550 1611 1573 non
1634 1550 1696 1583 po-

290 1593 385 1633 tuit3
413 1604 496 1626 nam
515 1604 559 1626 ex
577 1593 722 1627 latebris
741 1596 921 1626 extractus
940 1593 978 1626 in
995 1598 1155 1637 apertam
1173 1596 1300 1635 lucem,
1322 1595 1483 1639 publicae
1507 1596 1693 1630 literarum

288 1649 542 1683 humaniorum
573 1649 786 1694 professioni
814 1654 868 1684 est
894 1651 1070 1691 admotus,
1097 1651 1336 1686 invitantibus
1362 1657 1398 1685 et
1421 1653 1694 1688 admittentibus

290 1707 495 1740 clarissimis
515 1712 550 1741 et
575 1707 827 1740 illustrissimis
852 1708 939 1741 viris
963 1707 1153 1743 Dominico
1180 1709 1329 1750 Molino,
1357 1714 1519 1744 senatore
1543 1710 1693 1752 Veneto,

289 1775 449 1798 annonae
467 1765 670 1804 triumviro,
690 1764 804 1798 Paulo
823 1764 970 1806 Leonio,
989 1767 1139 1810 patricio
1158 1767 1376 1808 Pataviensi‚
1397 1766 1416 1801 J
1421 1792 1430 1801 .
1450 1768 1491 1802 C.
1510 1767 1693 1803 Comitum

288 1821 495 1862 Schinellae,
514 1829 549 1856 et
568 1822 606 1855 M
611 1821 757 1856 anfredo
776 1823 819 1856 de
838 1822 1050 1864 Comitibus,
1077 1823 1286 1859 Alexandro
1306 1824 1524 1870 Synclytico,
1542 1827 1693 1871 patricio

288 1879 432 1924 Cyprio,
452 1879 492 1914 C,
513 1880 664 1914 Octavio
682 1880 832 1920 Livello,
859 1881 977 1925 equite
996 1881 1261 1922 Sanmarciano,
1280 1882 1316 1916 J.
1336 1882 1376 1917 C.
1396 1887 1431 1917 et
1450 1891 1487 1916 V.
1514 1884 1598 1917 clar.
1619 1883 1692 1918 Ro-

287 1937 386 1971 berto
406 1937 647 1982 Sperancinio,
666 1937 874 1972 Pisaurensi
888 1939 1080 1986 philologo.
1114 1940 1195 1979 Qua
1213 1941 1250 1974 in
1269 1941 1422 1974 statione
1440 1941 1492 1975 ita
1509 1952 1545 1975 se
1564 1940 1690 1976 Came—

287 1996 401 2029 rarius
420 1997 585 2042 gnaviter
602 1997 706 2042 gerit,
733 2001 774 2030 ut
798 1997 958 2030 omnium
981 2008 1079 2041 spem
1106 1998 1458 2043 expectationemque
1481 2010 1582 2033 rarae
1609 2011 1687 2034 eru-

287 2053 432 2087 ditionis
451 2054 698 2100 magnitudine
717 2059 753 2088 et
770 2054 948 2099 elegantia
966 2056 1070 2101 longe
1088 2055 1387 2102 transgrediatur.

337 2111 486 2156 Scripsit
505 2113 549 2146 ad
567 2112 851 2146 illustrissimum
872 2111 1063 2153 Molinum,

435 2169 588 2216 Eclogas
1232 2172 1292 2206 lib.
1315 2181 1339 2205 Ι.

436 2227 709 2272 Epigrammata
727 2229 770 2262 de
789 2228 897 2262 variis
916 2228 1021 2262 rebus
1232 2231 1292 2264 lib.
1314 2240 1338 2264 1.

438 2284 508 2318 Pro
529 2284 648 2318 Scotia
665 2290 789 2320 contra
806 2285 1057 2331 Ptochogenen
1230 2288 1290 2322 lib.
1312 2297 1337 2321 1.

338 2340 439 2375 Vivit
457 2342 571 2375 adhuc
588 2342 804 2386 professione
823 2343 977 2388 inclytus
1004 2344 1120 2388 primo
1148 2345 1404 2380 adolescentiae
1430 2345 1525 2386 flore,
1555 2346 1686 2382 Graece

287 2403 322 2433 et
342 2398 470 2433 Latine
488 2399 622 2439 doctus,
637 2410 742 2434 versu
760 2405 795 2435 et
812 2412 918 2446 prosa
936 2401 1059 2436 bonus.
