2032 2912
695 336 872 371 GENTIS
896 335 1174 375 SCOTORUM,
1200 335 1292 369 LIB.
1317 336 1362 369 11.
1698 335 1739 367 95

343 445 402 468 ma
420 433 557 468 familia
574 432 807 473 Baliolorum,
824 432 887 478 qui
905 443 924 467 e
941 431 1060 467 Scotia
1076 430 1232 478 profugi,
1250 430 1404 477 bellique
1421 429 1537 464 civilis
1550 429 1644 464 malo
1661 430 1739 474 pul-

345 492 386 531 si,
405 492 442 525 in
460 490 613 525 Francia
625 490 834 524 comitatum
849 487 1069 524 Hem-court
1083 488 1328 529 obtinuerunt,
1345 492 1388 522 ut
1404 498 1449 522 ex
1461 486 1612 522 historia
1625 485 1739 520 Fran-

345 549 419 582 cica
445 547 658 583 Holinshed.
684 556 768 592 pag.
795 554 946 581 Dcexv.
971 545 1066 580 Galli
1094 545 1308 580 Harcuriam
1335 549 1476 585 vocant,
1503 549 1540 579 et
1556 548 1739 589 praeterea

348 605 590 650 Dampuillam
613 613 655 638 ac
678 602 847 637 Hornum
869 603 908 637 in
925 603 1048 639 eodem
1065 613 1176 649 regno
1193 606 1397 644 tenuerunt,
1417 602 1586 636 Leslaeus
1603 601 1664 636 lib.
1683 610 1738 635 vl.

348 663 385 697 in
403 661 538 707 Anglia
560 660 869 706 propugnaculum
893 659 1175 694 munitissimum
1198 657 1507 694 Bemarcbsscastk
1528 659 1741 698 excitarunt,

347 719 481 763 quique
506 716 614 762 primi
641 716 847 751 mortalium
873 716 1033 762 Lyceum
1059 716 1177 750 Musis
1203 716 1241 751 in
1265 715 1411 762 Anglia,
1437 716 1641 761 sumptibus
1666 718 1741 751 suis

348 774 542 814 immensis,
561 774 597 808 id
621 772 820 820 Collegium
843 773 1046 809 Baliolense
1069 773 1242 814 Oxoniae,
1264 773 1507 813 aedificarunt,
1530 778 1572 808 ut
1595 775 1742 808 tradunt

346 832 471 879 Angli,
484 831 508 865 J
509 842 641 867 oannes
653 830 972 872 Caius‚Le1andus,
979 830 1155 872 Pitsaeus‚
1164 830 1380 871 Camdenus,
1390 835 1427 865 et
1437 840 1577 871 omnes3
1591 831 1743 877 denique

346 890 408 934 qui
434 900 584 935 regnum
610 888 759 930 Scotiae,
787 888 938 924 arbitrio
964 889 1087 934 iniquo
1108 888 1154 923 ad
1172 887 1335 934 Anglum
1352 888 1480 928 delam,
1498 889 1742 933 possederunt,

348 952 383 981 et
401 946 468 980 sub
485 957 618 980 annum
641 954 807 980 MCCCIV.
826 957 867 981 eo
879 956 943 991 per
956 945 1131 981 Brucium
1145 945 1338 987 exturbati,
1353 946 1490 980 minore
1503 945 1648 981 fortuna
1661 958 1742 981 con-

348 1004 437 1038 tenti
456 1004 635 1037 vixerunt.
688 1002 802 1037 Porro
819 1007 941 1038 noster
957 1003 1015 1038 vir
1033 1003 1190 1038 maximo
1212 1003 1366 1044 nomine,
1388 1003 1655 1050 maioribusque
1673 1016 1744 1039 me-

350 1061 442 1101 ritis,
469 1070 649 1095 summum
676 1060 861 1095 Bononiae
885 1061 1002 1096 locum
1028 1061 1157 1101 tenuit,
1183 1064 1219 1096 et
1247 1061 1461 1106 reipublicae
1491 1067 1633 1108 togatae
1663 1071 1742 1097 cum

348 1119 481 1153 honore
498 1117 665 1163 praefuit.
717 1116 869 1163 Scripsit

499 1175 634 1211 Contra
651 1175 854 1220 Empiricos
1291 1178 1352 1212 lib.
1372 1186 1398 1212 1.

498 1233 570 1267 Pro
588 1232 716 1267 Galeni
733 1232 907 1268 Doctrina
1290 1236 1350 1270 lib.
1371 1245 1397 1270 1.

400 1290 559 1325 Docebat
575 1301 670 1325 anno
688 1297 1006 1326 Mccchxxxw.
1025 1291 1131 1326 rediit
1147 1297 1272 1337 postea
1288 1292 1326 1326 in
1344 1291 1510 1327 Scotiam.

703 1403 977 1440 PATRICIUS
1002 1404 1254 1442 BISSETUS.
1308 1409 1392 1445 170.

351 1522 575 1557 PA'rlucms
593 1521 768 1562 Bissetus,
786 1521 983 1556 clarissima
1000 1522 1096 1566 apud
1113 1531 1197 1557 suos
1214 1522 1363 1569 origine,
1383 1532 1428 1557 ex
1445 1532 1487 1557 ea
1504 1522 1640 1559 familia
1658 1535 1747 1569 quae

351 1579 539 1615 Achterlae
566 1585 603 1615 et
628 1577 749 1614 Fifam
775 1579 967 1614 comitatus
992 1578 1100 1614 titulo
1126 1584 1340 1615 tenuerunt:
1371 1580 1431 1615 hic
1456 1590 1540 1616 vero
1566 1581 1749 1616 Bononiae

353 1643 449 1672 artes
473 1638 627 1683 optimas
650 1636 843 1682 professus,
867 1646 1008 1672 summa
1025 1637 1235 1672 eruditionis
1253 1638 1420 1683 opinione
1436 1638 1614 1680 inclaruit,
1633 1650 1674 1673 ac
1686 1640 1748 1685 Jus

355 1694 564 1729 canonicum
581 1705 645 1739 per
661 1695 794 1729 multos
811 1704 923 1729 annos
940 1704 1022 1729 cum
1035 1694 1225 1735 docuisset,
1238 1695 1384 1730 tandem
1402 1695 1559 1731 amicitia
1572 1696 1747 1731 strictiore

357 1763 438 1786 cum
457 1751 644 1786 Bonifacio
662 1750 846 1786 Gozadino
864 1756 1054 1793 contracta,
1073 1752 1118 1787 ad
1135 1761 1217 1787 eum
1234 1752 1377 1797 scripsit

503 1808 558 1843 De
577 1808 847 1855 Irregularitate
1296 1809 1358 1844 lib.
1378 1818 1403 1844 Ι.

504 1865 691 1900 Lectiones
709 1865 866 1900 Feriales
1299 1867 1359 1901 lib.
1380 1874 1405 1901 Ι.

405 1923 543 1958 Claruit
561 1933 654 1958 anno
674 1929 839 1957 Μοῦσαι.
890 1923 1086 1959 Alidosius.

827 2037 967 2072 BERN
969 2037 1151 2073 ARDUS.
1205 2041 1287 2077 171.

357 2152 624 2192 BERNARDUS‚
643 2152 837 2187 monachus
857 2151 995 2194 Scotus‚
1013 2151 1121 2187 abbas
1139 2152 1238 2187 Sacri
1255 2152 1422 2188 Nemoris
1440 2154 1478 2187 in
1496 2153 1624 2195 Scotia,
1644 2157 1750 2202 vulgo

359 2207 582 2254 Halywood,
601 2210 811 2256 peregrinus
834 2210 880 2244 ad
904 2211 982 2245 loca
1004 2215 1126 2244 sancta
1149 2209 1356 2244 Dominicae
1375 2210 1550 2256 passionis
1567 2212 1753 2246 invisenda

358 2265 549 2310 profectus,
566 2267 730 2313 diligenti
748 2275 834 2301 cura
850 2272 967 2302 totum
985 2268 1074 2302 illud
1092 2268 1170 2308 iter,
1194 2268 1340 2313 locaque
1363 2273 1485 2303 sancta
1507 2270 1750 2314 perlustravit,

358 2335 397 2358 ac
415 2323 541 2359 deinde
559 2324 707 2359 domum
725 2325 839 2359 redux
857 2325 1000 2370 scripsit
1016 2325 1143 2373 ingens
1161 2326 1328 2360 volumen

506 2381 561 2416 De
579 2380 684 2417 Locis
702 2381 836 2417 Terrae
854 2382 1003 2417 Sanctae
1287 2383 1349 2418 lib.
1370 2392 1410 2418 x.

411 2437 711 2485 peregrinabatur
728 2449 821 2474 anno
841 2447 1047 2475 Dcchxx.
1099 2439 1198 2476 Citat
1217 2440 1546 2477 Malmesburiensis
1564 2442 1624 2477 lib.
1645 2451 1698 2476 1v.
