2044 2992
365 355 385 382 2
747 348 977 381 HISTORIA
1002 346 1375 379 ECCLESIASTICA

370 451 389 465 “
404 445 551 479 Laubiis
564 443 674 478 natali
689 442 725 476 S.
737 441 871 481 Abelis,
884 440 1039 485 episcopi
1052 445 1087 474 et
1101 440 1322 481 confessoris,
1337 440 1481 475 natione
1492 439 1588 475 Scoti
1601 442 1630 475 :”
1648 452 1756 482 error,

368 513 449 536 nam
475 512 538 535 nec
564 501 757 544 episcopus,
785 498 846 531 sed
871 498 1167 542 archiepiscopus,
1194 503 1230 532 et
1255 498 1375 532 abbas.
1426 497 1588 544 Catalog.
1612 497 1760 533 Archie-

366 559 590 602 piscoporum
608 554 865 589 Rhemensium
883 565 927 588 ex
944 553 1024 588 MS.
1048 553 1280 596 Demochare,
1304 559 1340 589 et
1358 555 1430 596 alii,
1449 556 1584 590 incerto
1602 560 1756 590 auctore.

368 620 388 634 ‘⁶
406 614 551 648 Mortuo
578 612 745 646 Martello
770 623 864 646 anno
890 619 1058 646 DCCXLI.
1091 613 1248 647 censuris
1277 612 1469 647 Zachariae
1499 624 1611 657 papae
1642 613 1758 647 dictus

367 672 456 705 Milo
474 671 643 715 expulsus
661 673 714 703 est
732 680 753 703 a
769 669 950 712 praedicta
966 669 1047 702 sede
1070 668 1276 710 Rhemensi‚
1300 674 1335 704 et
1359 670 1394 704 S.
1420 669 1617 716 Rigoberto
1637 670 1759 716 jungi-

365 734 425 762 tur
455 728 681 771 coepiscopus
711 737 732 760 a
757 725 943 760 Bonifacio
969 725 1230 760 Germanorum
1263 728 1434 771 apostolo,
1465 727 1637 761 Zacharia
1666 738 1758 772 papa

362 785 521 830 jubente,
540 784 576 818 S.
595 783 688 818 Abel
706 782 866 817 Scotus.'’
921 782 993 817 Pro
1011 782 1217 827 coepiscopo
1235 794 1359 818 censeo
1377 784 1621 828 reponendum
1639 784 1758 818 chore—

366 844 540 888 piscopus,
559 852 642 875 nam
659 839 748 887 χώρα
764 840 863 886 regio
881 844 956 874 est:
981 839 1037 880 iis,
1058 840 1121 885 qui
1138 840 1177 874 in
1194 840 1326 875 laboris
1344 841 1539 887 evangelici
1557 841 1757 876 subsidium

364 900 592 939 vocabantur,
622 899 721 944 regio
747 898 935 942 quaepiam
961 897 1213 943 assignabatur
1238 898 1435 938 invisenda,
1462 899 1755 939 administranda,

363 956 457 1001 quod
475 956 658 1000 episcopus
676 956 795 990 omnia
812 955 958 989 ditionis
975 965 1059 989 suae
1075 955 1152 989 loca
1169 955 1355 990 circumire
1372 966 1445 990 non
1468 959 1598 1000 posset,
1624 957 1757 990 vocati-

363 1025 432 1059 que
449 1013 501 1046 illi
519 1012 654 1047 Vicarii
671 1012 853 1057 Episcopi.
880 1011 1099 1046 Hincmarus
1123 1012 1218 1057 apud
1243 1011 1488 1046 Flodoardum
1510 1012 1572 1047 lib.
1597 1021 1654 1046 111.
1679 1024 1756 1058 cap.

363 1079 468 1104 XX11.
495 1070 613 1109 Quare
640 1069 773 1103 Gallice
799 1071 916 1103 locum
942 1069 1038 1103 hunc
1063 1075 1206 1103 vertens
1233 1068 1403 1103 Nicolaus
1431 1068 1618 1104 Chesneau
1643 1067 1757 1115 doyen

363 1125 477 1168 rural,
490 1128 592 1172 quasi
603 1127 757 1161 ruralem
770 1126 970 1167 diaconum,
984 1130 1100 1160 vocat.
1123 1125 1289 1161 Praestat
1300 1126 1409 1160 verba
1420 1125 1613 1161 Flodoardi
1625 1127 1668 1161 de
1680 1128 1756 1174 ejus

362 1185 529 1219 electione
546 1184 681 1224 audire,
699 1184 751 1218 ita
767 1184 862 1217 enim
886 1184 948 1218 lib.
968 1193 1009 1218 11.
1034 1182 1172 1218 Histor.
1197 1183 1389 1218 Rhemens.
1413 1194 1487 1228 cap.
1511 1193 1598 1219 XV1.
1626 1189 1647 1205 “
1666 1181 1757 1219 Bea-

360 1247 437 1276 tum
456 1241 692 1287 Rigobertum
710 1246 852 1275 secutus
869 1241 962 1275 Abel
980 1242 1017 1275 in
1035 1241 1259 1285 episcopatus
1277 1241 1401 1275 ordine
1414 1241 1614 1285 reperitur:
1633 1254 1755 1287 quam-

360 1300 414 1334 vis
444 1310 525 1333 eum
555 1299 701 1343 quidam
731 1298 1022 1342 chorepiscopum
1050 1302 1191 1332 tantum
1221 1298 1332 1332 fuisse
1363 1298 1519 1339 tradant,
1551 1299 1754 1343 pontificem
1777 1290 1782 1293 ¹

359 1363 478 1391 tamen
496 1356 596 1389 illum
615 1355 764 1389 diversis
783 1355 1038 1389 assertionibus
1056 1354 1259 1389 invenimus
1282 1355 1476 1389 extitisse.”
1526 1355 1671 1391 Profert
1694 1358 1753 1391 de-

359 1414 441 1447 inde
471 1414 559 1447 duas
589 1412 755 1456 epistolas
785 1411 976 1445 Zachariae
1010 1423 1122 1456 papae
1155 1412 1286 1456 quibus
1320 1412 1451 1447 diserte
1484 1413 1521 1447 id
1553 1413 1750 1458 probatur:

359 1482 431 1504 una
456 1470 584 1504 harum
610 1474 664 1504 est
688 1480 788 1503 num.
816 1478 871 1502 lv.
898 1469 992 1503 inter
1018 1469 1142 1509 editas,
1171 1470 1283 1503 altera
1308 1474 1363 1504 est
1389 1478 1550 1504 LXXXV.
1582 1475 1667 1505 tom.
1696 1481 1752 1505 111.

360 1528 545 1561 Concilior.
565 1527 615 1560 ait
633 1526 770 1566 deinde,
789 1530 812 1545 “
830 1525 982 1560 Chartas
999 1526 1148 1570 reperiri
1166 1526 1279 1570 ipsius
1297 1527 1452 1571 episcopi
1470 1529 1613 1562 nomine
1631 1529 1753 1563 titula-

361 1590 415 1618 tas
428 1585 458 1625 ;”
484 1589 562 1618 tum
580 1584 758 1618 concludit
777 1594 901 1617 verum
920 1594 1006 1623 esse,
1025 1584 1143 1617 sedem
1161 1594 1238 1617 eam
1256 1584 1390 1618 rexisse
1409 1585 1522 1625 illum,
1542 1597 1586 1620 ex
1603 1587 1753 1630 epistola

360 1641 536 1676 Hadriani
555 1642 583 1675 I.
603 1642 647 1675 ad
666 1640 864 1686 Tilpinum,
883 1651 956 1680 seu,
975 1645 1017 1675 ut
1034 1640 1113 1674 aliis
1137 1640 1266 1681 visum,
1292 1640 1496 1686 Turpinum
1521 1643 1752 1687 archiepisco·

357 1710 443 1744 pum
458 1699 706 1733 Rhemensem.
741 1698 848 1732 Addo
864 1698 1077 1744 Catalogum
1090 1698 1287 1738 laudatum,
1302 1698 1339 1732 in
1354 1710 1424 1743 quo
1439 1700 1489 1733 sic
1507 1701 1680 1744 scriptum
1698 1713 1752 1735 re-

357 1756 478 1800 perio:
506 1761 527 1775 “
546 1755 583 1790 S.
602 1755 695 1790 Abel
714 1755 839 1790 Scotus
863 1755 994 1789 residet
1016 1755 1055 1788 in
1079 1755 1223 1789 ecclesia
1246 1754 1453 1797 Rhemensi‚
1477 1757 1539 1791 sed
1563 1758 1608 1791 ab
1630 1759 1751 1792 eadem

357 1825 496 1858 quoque
514 1814 712 1857 depellitur,
731 1812 944 1856 tandemque
962 1812 1050 1845 obiit
1068 1813 1106 1846 in
1122 1812 1339 1847 monasterio
1363 1812 1559 1848 Laubiensi
1583 1815 1751 1849 dioecesis

356 1871 642 1905 Cameracensis:
670 1870 765 1904 hunc
789 1869 934 1914 quidam
953 1880 1024 1903 non
1041 1874 1242 1909 numerant,
1269 1874 1304 1904 et
1329 1871 1525 1905 secundum
1548 1871 1615 1907 hoc
1640 1872 1751 1907 Hinc-

355 1939 474 1962 marus
505 1928 543 1961 in
575 1927 755 1972 epitaphio
785 1927 821 1961 S.
853 1926 1012 1972 Remigii
1048 1938 1085 1961 se
1120 1932 1224 1961 vocat
1258 1936 1379 1962 XXXI.
1415 1929 1619 1974 episcopum
1654 1930 1750 1964 Rhe-

355 1996 522 2025 mensem,
536 1990 572 2019 et
586 1994 672 2019 XVI.
688 1996 708 2018 a
722 1984 758 2018 S.
774 1983 976 2030 Remigi0.’'
1019 1983 1088 2018 Sed
1101 1989 1225 2018 contra
1237 1985 1329 2019 hanc
1344 1985 1532 2020 Hincmari
1546 1987 1747 2032 opinionem

355 2047 426 2077 stat
451 2043 581 2077 veritas
607 2043 695 2087 ipsa,
721 2047 763 2076 ut
788 2042 928 2076 abunde
954 2041 1062 2076 verba
1087 2041 1250 2088 Catalogi
1276 2043 1381 2077 istius
1407 2044 1572 2078 ecclesiae
1597 2043 1748 2079 fideliter

355 2100 486 2144 scripta
509 2105 545 2134 et
568 2101 681 2135 relata
705 2099 869 2144 probant,
887 2102 1028 2143 praeter
1046 2098 1236 2133 Flodoardi
1255 2104 1395 2134 textum
1413 2101 1746 2135 evidentissimum:

356 2157 445 2191 addo
471 2162 506 2192 et
532 2157 719 2192 Laurentii
745 2157 842 2191 Surii
868 2155 984 2196 fidem,
1010 2156 1073 2201 qui
1096 2157 1134 2190 in
1156 2157 1231 2191 vita
1254 2156 1291 2191 S.
1317 2157 1506 2203 Rigoberti
1529 2163 1615 2193 tom.
1639 2168 1662 2192 1.
1691 2160 1748 2193 die

358 2222 411 2247 1v.
435 2213 598 2248 Januarii
624 2215 861 2249 Hincmarum
887 2214 990 2258 ponit
1013 2213 1180 2259 quintum
1202 2226 1223 2248 a
1245 2214 1281 2248 S.
1306 2214 1503 2261 Rigoberto
1525 2215 1747 2250 Rhemorum

355 2271 568 2315 episcopum,
602 2272 696 2316 quod
725 2283 850 2306 verum
880 2282 952 2305 non
982 2276 1085 2311 esset,
1115 2271 1185 2305 nisi
1219 2272 1503 2317 archiepiscopus
1537 2278 1747 2307 numeretur

354 2328 390 2361 S.
409 2327 512 2368 Abel,
536 2339 618 2362 nam
641 2340 681 2362 eo
704 2329 953 2373 praetermisso
976 2329 1205 2373 reperiuntur
1227 2334 1368 2364 tantum
1391 2335 1547 2374 quatuor
1572 2330 1644 2370 isti,
1672 2330 1745 2364 Til-

354 2385 471 2428 pinus,
491 2396 553 2419 seu
570 2385 592 2418 J
595 2397 724 2420 oannes
747 2386 943 2431 Turpiuus,
970 2386 1072 2431 cujus
1097 2397 1226 2420 nomen
1251 2386 1433 2421 fabulosae
1455 2388 1499 2421 de
1521 2386 1650 2421 carolo
1668 2387 1746 2421 Ma-

353 2452 424 2487 gno
450 2447 485 2476 et
511 2441 672 2477 Rolando
699 2442 882 2477 Historiae
908 2442 1127 2489 praefigitur,
1154 2442 1341 2478 Vulfarius
1369 2443 1544 2479 Ludovici
1579 2443 1633 2477 Pii
1666 2455 1746 2478 can-
