2032 2912
357 312 398 344 36
731 305 961 341 HISTORIA
984 300 1355 337 ECCLESIASTICA

714 454 974 492 HENRICUS
999 451 1268 489 AVIELLUS.
1321 452 1379 486 51.

362 577 575 611 ΗΕΝΒΙουε
592 572 764 612 Avienus,
786 575 887 616 patre
904 569 1025 616 Anglo
1050 567 1190 613 captivo
1207 566 1245 600 in
1262 564 1381 600 scotia
1405 563 1560 610 genitus,
1586 565 1644 600 vir
1661 566 1740 601 doc-

360 633 527 673 tissimus,
546 641 626 665 cum
643 629 795 674 patriam
813 638 913 662 suam
930 626 1069 661 abunde
1086 624 1357 663 cohonestasset,
1381 622 1426 656 ad
1449 626 1589 657 exteras
1614 628 1739 669 gentes

359 689 546 735 profectus,
565 686 690 727 Gallia,
708 686 844 732 Belgio,
863 683 1122 727 Germaniaque
1140 691 1284 725 operose
1300 680 1463 720 lustrata,
1483 679 1522 713 in
1540 679 1646 714 Italia
1658 681 1741 715 sub-

359 747 462 787 stitit,
490 744 739 788 Bononiaeque
764 742 956 777 clarissimo
981 740 1165 774 literarum
1191 737 1348 781 emporio
1372 736 1583 771 medicinam
1600 737 1741 781 publice

359 802 547 847 professus.
598 800 765 835 Nicolaus
784 798 994 832 Paschasius
1011 795 1195 830 Alidosius
1220 794 1259 828 in
1283 793 1488 840 Peregrinis
1511 793 1738 829 Doctoribus.

359 859 506 904 Scripsit
522 868 652 903 magna
668 867 711 890 ex
728 860 828 900 parte
845 854 1003 889 extantia
1017 862 1025 886 :

504 914 643 949 Veteris
660 918 695 947 et
711 912 835 946 Novae
853 910 1049 944 Medicinae
1067 908 1257 954 Speculum
1333 908 1396 943 lib.
1416 917 1444 943 1.

504 971 559 1005 De
576 969 747 1005 Botanica
1337 965 1398 1000 lib.
1419 974 1444 999 Ι.

502 1027 674 1071 Stirpium
692 1025 871 1059 variarum
891 1023 1090 1058 Historiam
1337 1023 1399 1058 lib.
1419 1032 1446 1057 1.

407 1085 563 1120 Docebat
580 1094 672 1118 anno
691 1090 908 1116 MCCLXXX.
953 1080 998 1115 Se
1012 1079 1158 1115 Scotum
1172 1084 1276 1115 vocat
1293 1080 1332 1115 in
1349 1079 1570 1126 praefatione
1588 1079 1741 1126 Speculi,

355 1142 448 1187 quod
464 1140 622 1176 Venetiis
642 1139 783 1184 prodiit.

870 1252 1107 1288 ACHAIUS.
1160 1256 1218 1288 52.

354 1370 549 1409 ACHAms,
575 1380 638 1403 rex
664 1368 811 1409 Scotiae,
838 1367 977 1403 Ethfini
1004 1368 1097 1403 filius
1123 1369 1204 1413 pius
1227 1372 1262 1403 et
1285 1368 1452 1414 prudens,
1485 1368 1740 1404 Hibernienses

356 1427 610 1461 tumultuantes
645 1425 871 1470 compescuit,
905 1430 1118 1470 perpetuum
1153 1425 1277 1460 foedus
1311 1437 1392 1460 cum
1431 1425 1558 1460 Carolo
1592 1426 1739 1472 Magno,

355 1490 532 1518 aeternum
568 1495 648 1517 cum
681 1482 940 1517 successoribus
975 1483 1052 1529 ejus
1087 1482 1223 1517 Galliae
1265 1483 1409 1530 regibus
1443 1483 1590 1529 pepigit,
1626 1482 1741 1518 Guili-

356 1543 484 1575 elmum
529 1551 739 1587 germanum
781 1551 886 1574 suum
932 1551 1012 1574 cum
1061 1548 1116 1574 vx.
1160 1541 1318 1575 millibus
1359 1545 1579 1575 armatorum
1618 1546 1741 1576 contra

356 1598 542 1632 Saracenos
573 1598 812 1632 militaturum
843 1597 956 1631 eidem
987 1597 1163 1632 submisit.
1199 1597 1358 1632 Annales
1393 1598 1524 1632 Franci
1560 1602 1596 1632 et
1632 1598 1740 1633 Scoti-

356 1655 501 1700 Scripsit

500 1713 681 1758 Epistolas
699 1713 743 1746 ad
762 1712 929 1746 Carolum
948 1711 1123 1757 Magnum
1235 1713 1297 1747 lib.
1317 1722 1343 1747 1.
1375 1712 1544 1747 Meminit
1561 1711 1741 1759 Eginhar-

548 1775 617 1811 tus,
635 1774 697 1805 aut
715 1770 929 1809 Kineardus,
947 1774 1087 1803 nostras
1105 1770 1143 1803 in
1159 1768 1262 1804 Actis
1281 1770 1399 1805 Caroli
1418 1769 1556 1816 Magni.

501 1827 593 1862 Acta
611 1827 751 1873 Regum
770 1827 990 1861 decessorum
1009 1837 1155 1861 suorum
1239 1828 1299 1861 lib.
1320 1836 1345 1861 1.

502 1884 614 1930 Leges
633 1884 867 1929 Municipales
1237 1885 1301 1919 lib.
1320 1893 1345 1918 1.

403 1941 501 1975 Obiit
519 1950 655 1974 xxxu.
675 1952 767 1975 anno
784 1941 885 1987 regni
902 1941 969 1981 sui,
989 1940 1151 1975 Paschali
1171 1941 1306 1976 Romae
1325 1941 1479 1982 sedente,
1499 1941 1659 1988 Egberto
1673 1944 1740 1978 toti

358 1997 508 2043 Angliae
533 1998 739 2042 imperante,
766 2008 857 2042 quae
882 1998 982 2042 prius
1009 1997 1047 2031 in
1072 1999 1255 2044 dynastias
1282 2003 1376 2034 secta
1398 2003 1486 2041 erat,
1505 2010 1598 2035 anno
1616 2001 1741 2036 salutis

358 2054 530 2089 humanae
549 2063 711 2089 Decelx.

906 2169 1077 2205 ACCAS.
1129 2173 1189 2205 53.

361 2280 505 2322 ACCAS,
539 2289 600 2317 aut
638 2283 758 2324 Aetas,
797 2289 859 2319 aut
897 2284 1002 2324 Acca,
1040 2289 1082 2319 ut
1121 2285 1227 2320 habet
1264 2285 1494 2322 Hermannus
1529 2287 1741 2323 Contractus

362 2337 492 2372 Chron.
519 2339 562 2372 ad
588 2351 718 2374 annum
746 2350 864 2375 Decx.
897 2342 953 2375 vir
978 2353 1126 2388 magnae
1156 2344 1310 2387 pietatis,
1340 2356 1404 2379 nec
1434 2345 1581 2379 minoris
1612 2345 1741 2379 doctri-

361 2406 437 2435 nae,
472 2395 584 2430 Bosae
618 2397 866 2443 archiepiscopi
901 2397 1136 2434 Eboracensis
1171 2400 1375 2446 discipulus,
1419 2402 1464 2437 ab
1505 2403 1627 2437 eodem
1669 2403 1742 2447 epi-
