2044 2992
965 342 1022 386 xx

307 455 477 501 minore,
498 460 540 493 et
560 454 616 493 sie
636 451 919 493 constituendi
940 457 1040 491 sunt
1059 464 1081 490 e
1102 448 1256 489 Canisii
1278 448 1547 489 Lectionibus
1566 449 1690 489 Anti-

308 519 411 572 quis,
432 524 530 558 tom.
550 517 605 557 iii.
626 522 730 571 part.
751 516 791 556 ii.
811 530 849 569 p.
875 518 964 558 137.
985 514 1082 555 edit.
1104 514 1301 567 Basnage.

579 638 592 654 ι
603 628 778 658 Recitantur
792 638 880 667 super
893 628 947 657 hac
960 637 992 656 re
1007 637 1059 656 sua
1073 627 1188 665 scripta,

604 677 683 705 Data
698 676 843 715 quondam
858 676 920 711 tibi,
934 675 1051 714 praesul
1066 673 1209 708 Bonifaei,
1223 672 1271 712 pie
1285 679 1407 713 martyr.

309 774 507 827 Turpiter
527 774 639 828 apud
659 774 954 827 Dempsterum
976 778 1075 812 sunt
1095 770 1287 817 lacerati3
1324 777 1376 819 et,
1407 771 1460 811 ad
1485 770 1693 811 Bonifaei-

307 851 380 877 um
401 838 531 877 civem
552 851 675 878 suum
696 837 1006 884 vindicandum,
1018 837 1090 891 pie
1110 836 1153 875 in
1176 837 1288 876 Scote
1307 849 1392 875 non
1413 835 1480 889 pie
1500 836 1690 875 mutavit.

309 901 392 941 Hic
412 908 519 942 stare
540 902 688 955 nequit
709 903 829 948 Seme,
851 902 969 954 eujus
989 899 1123 954 prima
1144 905 1206 939 est
1226 899 1429 953 producta
1450 899 1617 953 syllaba,
1642 899 1694 939 si-

308 971 379 1006 cut
399 966 511 1020 apud
531 965 810 1006 Claudianum
830 965 882 1004 de
903 964 1118 1004 Laudibus
1139 963 1379 1004 Stilichonis
1398 962 1469 1003 lib.
1486 964 1526 1003 ii.
1547 977 1583 1004 v.
1600 967 1692 1003 251.

603 1079 655 1107 Me
665 1078 744 1116 juvit
761 1077 891 1112 Stilicho,
906 1082 997 1106 totam
1012 1087 1077 1106 cum
1094 1076 1197 1106 scotus
1215 1076 1320 1105 lernen

605 1125 711 1154 Movit.

365 1222 523 1262 Verum
554 1222 764 1263 enimvero
795 1222 978 1276 suspicor
1004 1221 1112 1262 male
1141 1222 1326 1261 habitam
1354 1235 1440 1261 esse
1465 1220 1573 1260 hanc
1602 1234 1694 1274 pos-

309 1292 467 1326 tumam
488 1287 726 1340 Dempsteri
747 1286 916 1340 prolem.
975 1285 1065 1325 Nec
1085 1286 1261 1325 dubium
1283 1291 1346 1324 est
1370 1285 1576 1338 quaedam
1602 1286 1692 1337 ejus

309 1352 432 1390 verba
463 1351 682 1404 insigniter
712 1355 876 1390 mutata
911 1363 996 1390 esse
1029 1364 1067 1403 p.
1099 1354 1162 1392 57.
1222 1348 1388 1389 Folium
1416 1349 1693 1389 substitutum

310 1428 384 1454 nos
406 1415 722 1454 exscribendum
743 1414 963 1460 duximus3
999 1413 1094 1453 libri
1121 1419 1262 1453 autem
1289 1412 1510 1467 exemplar,
1538 1412 1581 1452 in
1609 1412 1695 1452 Ad-

309 1484 549 1518 vocatorum
581 1478 842 1518 Bibliotheca
873 1483 1092 1525 servatum,
1128 1478 1238 1517 idem
1274 1478 1362 1518 sine
1390 1476 1695 1517 mutationibus

311 1542 458 1582 folium
482 1543 678 1582 continet.
739 1543 804 1582 De
824 1548 947 1596 poeta
976 1542 1155 1596 quodam
1185 1556 1393 1595 anonymo
1419 1542 1522 1582 haee
1548 1540 1696 1581 retulit

312 1607 397 1660 ipse
418 1606 717 1660 Dempsterus:
753 1613 773 1631 ‘⁶
794 1607 1023 1647 Lanienam
1046 1606 1316 1646 Parisiensem
1339 1607 1570 1646 detestatus
1597 1619 1694 1644 ano·

312 1685 462 1724 nymus
483 1671 653 1724 quidam
674 1672 829 1718 Scotus,
858 1671 940 1718 sed,
961 1676 1010 1710 ut
1031 1671 1207 1718 videtur,
1228 1670 1493 1710 Catholicus:
1529 1669 1695 1722 elegans

311 1749 408 1774 sane
443 1740 485 1775 et
515 1735 699 1775 vividum
731 1749 897 1775 carmen
931 1741 993 1775 est
1023 1736 1100 1774 sub
1132 1734 1258 1774 titulo
1283 1735 1437 1775 Furiae
1463 1734 1695 1778 Francicae.

313 1798 489 1838 Initium
517 1800 710 1839 acerbum
739 1806 811 1847 est,
842 1806 1061 1852 totumque
1091 1812 1238 1852 poema
1265 1799 1481 1839 affectibus
1507 1797 1697 1852 plenissi-

311 1877 452 1903 mum:

610 1977 702 2014 Impie
718 1987 779 2010 rex,
794 1982 887 2005 mater
901 1976 1073 2010 truculenta,
1089 1975 1239 2014 invisaque
1254 1975 1344 2011 coelo,

609 2021 780 2051 Guisiadum
794 2021 916 2051 soboles.

313 2125 436 2164 Anno
459 2139 629 2165 MDLxx.
645 2125 772 2165 deflet
787 2125 1024 2167 catholicos
1041 2127 1345 2168 occisos.”-Et
1360 2141 1457 2167 mox
1472 2144 1481 2168 z
1503 2134 1523 2152 ‘⁶
1538 2128 1697 2169 Auctor

315 2188 395 2235 ille,
416 2188 499 2228 sive
526 2189 704 2229 Jacobus
731 2190 936 2237 Gadanus,
964 2191 1047 2230 sive
1074 2191 1260 2231 Adamus
1291 2191 1585 2241 Blacvodaeus‚
1612 2193 1697 2233 sive

315 2252 501 2291 Andreas
522 2252 744 2301 Melvinus,
765 2255 980 2295 Scotorum
996 2255 1214 2296 rebellium
1231 2256 1401 2304 furores,
1418 2256 1698 2297 clandestinos

316 2316 617 2356 Germanorum
652 2317 954 2359 haeretieorum
988 2324 1196 2368 conat.us‚”
1233 2321 1303 2360 δίο..
1361 2320 1420 2360 Et
1450 2321 1550 2361 folio
1580 2335 1697 2362 verso

316 2380 469 2419 desunt
488 2379 588 2419 haee
609 2382 754 2421 verba:
787 2388 807 2405 “
827 2382 860 2421 is
881 2383 963 2422 fuit
983 2383 1169 2423 Adamus
1191 2383 1511 2425 Blacvodaeus.”

374 2443 437 2482 De
462 2443 643 2484 editione
671 2451 809 2485 autem
836 2447 980 2500 operis,
1008 2447 1110 2488 haee
1136 2449 1359 2489 memoriae
1386 2448 1561 2489 tradidit
1588 2447 1697 2491 Lud.
