2032 2912
348 305 389 336 722.
725 295 955 330 HISTORIA
980 292 1353 326 ECCLESIASTICA

349 397 549 442 apostolu83
576 392 677 427 testis
695 390 730 424 S.
750 389 1005 428 Columannus‚
1028 387 1091 432 qui
1116 387 1262 421 eandem
1287 382 1465 431 evangelii
1483 385 1738 420 disseminandi

349 464 488 488 causam
515 451 646 488 obiens,
674 445 872 481 innumeris
900 445 1035 491 vigiliis
1057 449 1092 478 et
1115 444 1296 479 laboribus
1318 443 1539 489 perfunctus,
1562 447 1742 487 postremo

348 508 510 553 martyrii
527 506 681 551 palmam
699 503 848 547 adeptus
866 507 945 543 est3
972 503 1074 537 testis
1092 507 1146 537 est
1163 502 1350 536 Chilianus
1368 501 1506 546 primus
1531 499 1612 534 fidei
1637 499 1743 534 Chri-

346 567 480 600 stianae
497 573 622 608 praeco
639 561 677 594 in
695 560 761 594 hac
779 559 980 594 Franconia
997 564 1131 599 nostra,
1149 570 1240 604 quae
1259 558 1486 593 sanctissimo
1504 558 1613 592 semel
1628 557 1741 602 ipsius

344 631 528 666 conspersa
546 623 581 653 et
598 618 750 664 irrigata
766 628 901 658 cruore,
923 617 1097 651 foecunda
1113 621 1149 651 et
1166 616 1295 651 fertilis
1313 620 1367 650 est
1384 616 1523 650 reddita
1537 626 1546 656 3
1566 615 1669 650 testis
1683 615 1743 649 de-

344 680 460 723 nique,
479 675 652 711 sexcentis
670 675 749 709 aliis
766 674 910 714 relictis,
929 674 1136 708 Macharius
1159 678 1293 714 noster,
1318 674 1381 718 qui
1405 673 1557 719 gloriam
1582 672 1738 719 fugiens,

343 747 441 770 carae
464 734 594 768 oblitus
617 732 755 777 patriae
778 743 863 766 suae
886 731 924 765 in
947 732 1062 776 ipsam
1088 731 1240 777 gloriam
1257 730 1443 764 incurrit.'’
1493 728 1631 764 Verum
1649 730 1737 774 quid

344 804 430 838 opus
457 790 630 836 pluribus,
656 800 737 824 cum
763 789 855 824 libro
875 789 955 834 jam
980 793 1063 822 ante
1087 788 1375 832 quinquennium
1402 787 1498 821 edito
1523 781 1653 821 novem
1686 798 1741 821 ra-

344 850 498 885 tionibus
523 847 736 881 firmissimis
761 846 942 891 probarim
968 844 1131 891 Anglum
1161 855 1234 878 non
1263 844 1385 884 fuisse,
1417 845 1480 878 sed
1510 843 1667 883 Scotum,
1698 856 1742 879 ex

343 909 378 942 S.
398 906 571 945 Mariano,
591 909 626 939 et
644 913 716 938 XX.
735 904 816 938 aliis
830 903 847 937 1>
874 908 910 937 et
927 903 1014 948 quid
1028 902 1045 936 ἶ)
1073 912 1191 936 nonne
1214 900 1277 935 SS.
1303 901 1353 935 ibi
1376 900 1561 946 pontifices
1583 902 1742 941 maximi,

343 975 457 999 nonne
475 964 549 1008 ipse
567 961 776 996 Bonifacius
794 972 831 996 se
849 960 995 995 Scotum
1013 959 1137 994 scribit
1149 958 1166 993 Ρ
1193 964 1235 993 ut
1253 959 1430 998 omittam,
1449 969 1513 992 nec
1531 958 1577 992 R.
1598 958 1640 992 P.
1659 958 1743 993 Cof-

343 1023 474 1060 fenum,
504 1030 568 1054 nec
598 1020 712 1053 ullum
743 1029 809 1063 pro
840 1029 881 1052 eo
911 1017 1028 1051 adhuc
1057 1016 1089 1050 ei
1120 1015 1211 1050 libro
1242 1015 1477 1060 respondisse,
1509 1026 1590 1049 cum
1621 1021 1743 1050 tamen

338 1080 511 1125 jactatum
537 1077 657 1117 fuerit,
684 1082 767 1111 ante
793 1086 952 1110 mensem
977 1085 1051 1109 non
1068 1072 1278 1107 defuturum
1295 1083 1519 1117 responsum.
1574 1072 1742 1108 Metellus

343 1135 590 1181 Tergersensis
609 1135 646 1168 in
665 1133 924 1174 Quirinalibus,
943 1136 1047 1166 vetus
1065 1142 1150 1166 sane
1167 1134 1272 1176 poeta
1288 1141 1297 1164 z

643 1197 814 1226 Recitantur
828 1206 914 1235 super
927 1196 981 1225 bac
995 1205 1026 1224 re
1039 1205 1091 1225 sua
1105 1195 1221 1234 scripta,

641 1245 719 1273 Data
733 1244 876 1283 quondam
890 1243 955 1277 tibi,
970 1243 1085 1282 praesul
1100 1243 1241 1277 Bonifaci‚
1257 1243 1351 1277 Scote,
1366 1249 1484 1282 martyr.

394 1305 624 1340 Nobilissimo
642 1308 743 1338 ortus
761 1314 890 1349 genere
913 1302 1011 1337 dedit
1033 1314 1070 1337 se
1093 1302 1266 1337 Mailroso
1289 1303 1365 1337 sive
1391 1303 1549 1338 Melroso
1576 1305 1743 1340 coenobio

343 1363 388 1397 D.
414 1363 594 1398 Benedicti
615 1362 793 1396 institutis
819 1360 1058 1401 formandum,
1084 1365 1119 1395 et
1142 1361 1383 1407 quadraginta
1407 1361 1511 1396 annis
1537 1363 1622 1397 totis
1645 1374 1743 1407 pere-

343 1421 516 1467 grinatuS‚
534 1420 710 1465 martyrio
728 1424 917 1453 coronatus
935 1429 1016 1453 cum
1036 1427 1107 1453 L11.
1126 1419 1230 1453 sociis
1255 1419 1449 1459 monachis,
1474 1424 1517 1453 ut
1541 1419 1650 1454 refert
1671 1420 1742 1454 Ar-

343 1479 436 1513 nold.
456 1479 575 1513 Uvion
594 1478 655 1512 lib.
677 1486 720 1511 11.
749 1476 858 1524 Ligni
877 1476 953 1512 Vit.
978 1488 1062 1523 pag.
1082 1485 1205 1511 CCLII.
1258 1476 1468 1511 Laudavere
1486 1478 1620 1522 passim
1638 1479 1742 1511 eccle-

344 1536 474 1570 siastici
493 1540 664 1575 auctores,
683 1535 878 1570 monachus
896 1533 1168 1580 Egolismensis,
1195 1545 1304 1579 quem
1328 1534 1396 1568 sibi
1415 1533 1583 1581 Rhegino
1602 1534 1742 1569 Prumi-

345 1594 436 1627 ensis
453 1593 638 1638 proposuit
656 1593 844 1634 edendum,
865 1592 978 1626 edidit
996 1591 1169 1626 Pithoeus
1193 1591 1231 1625 in
1255 1591 1343 1626 Vita
1368 1591 1488 1626 Caroli
1513 1591 1639 1638 Magni
1659 1603 1740 1638 pag.

346 1660 578 1686 CCXXXVIII.
607 1656 630 1672 ‘⁶
645 1651 795 1686 Sanctae
809 1650 1000 1684 memoriae
1014 1648 1222 1683 Bonifacius
1237 1648 1416 1694 martyr.’'
1453 1649 1624 1683 Rabanus
1639 1650 1742 1684 Mau-

346 1720 406 1742 rus
424 1709 460 1742 in
480 1709 658 1744 Poematis
675 1720 791 1753 nuper
808 1720 829 1743 a
847 1706 1106 1751 christophoro
1124 1707 1295 1741 Browero
1313 1707 1429 1747 editis,
1447 1718 1546 1741 num.
1566 1716 1638 1740 XX.

644 1781 711 1809 Non
724 1780 822 1809 minus
836 1780 971 1809 exultans
986 1779 1110 1808 celebrat
1126 1779 1284 1808 Germania
1298 1778 1407 1812 laudes,

683 1828 724 1857 Et
742 1827 881 1856 Bonifacii
896 1837 968 1866 opus
981 1826 1116 1865 martyris
1130 1826 1295 1855 almificum.

647 1875 774 1904 Ordinat
788 1875 866 1904 hunc
882 1875 982 1908 Roma,
996 1874 1147 1912 mittitque
1162 1873 1314 1902 Britannia
1328 1881 1420 1903 mater

682 1923 839 1952 Ductorem
855 1922 969 1962 populis
983 1922 1036 1951 hoc
1050 1921 1137 1951 decus
1151 1920 1295 1950 ecclesiae.

397 1999 604 2032 Franz-iscus
624 1998 857 2044 Maurolycus
875 1998 984 2033 abbas
1005 1995 1166 2044 [scribit]
1186 2007 1267 2031 eum
1288 1995 1457 2040 Pipinum
1473 1996 1609 2031 Galliae
1623 2009 1742 2043 regem

348 2057 501 2095 unxisse,
514 2055 666 2100 Martyr.
681 2056 738 2089 die
751 2064 789 2090 V.
803 2055 827 2089 J
829 2056 917 2090 unii.
944 2055 1013 2090 Sed
1026 2055 1117 2089 nihil
1131 2054 1246 2088 simile
1260 2054 1297 2088 in
1312 2054 1402 2088 aliis.
1443 2054 1536 2089 Vide
1551 2054 1742 2089 Flandriae

352 2111 588 2158 [scriptores]
622 2112 719 2147 Petr.
735 2112 912 2158 Cratepol.
928 2113 970 2147 de
984 2112 1152 2157 Episcop.
1169 2110 1337 2145 German.
1365 2111 1552 2146 Cornelius
1567 2112 1742 2157 Kempius

350 2169 578 2203 Doconiensis
597 2170 655 2205 lib.
677 2179 737 2204 111.
755 2171 798 2204 de
817 2171 958 2217 Origin.
974 2169 1173 2205 Frisiorum
1192 2180 1267 2214 cap.
1284 2178 1373 2203 XXI.
1396 2178 1502 2203 XXII.
1522 2178 1646 2204 XXIII.
1669 2169 1743 2204 Ha-

351 2226 464 2259 drian.
489 2226 655 2261 Barland.
691 2227 838 2262 Gerard.
854 2228 1100 2273 Noviomagus
1118 2227 1161 2261 de
1179 2227 1347 2272 Episcop.
1367 2227 1562 2272 Trajectin.
1603 2228 1740 2262 Anton.

352 2283 584 2317 Demochares
606 2289 690 2320 tom.
715 2294 759 2321 11.
781 2286 824 2320 de
846 2285 948 2320 Miss.
972 2284 1096 2319 Sacrif.
1120 2296 1196 2330 cap.
1216 2294 1366 2319 XXXIV.
1392 2285 1437 2319 ab
1460 2285 1540 2319 aliis
1564 2285 1740 2325 dissentit,

351 2340 412 2384 qui
443 2349 544 2373 XVII.
573 2340 729 2387 Trajecti
757 2343 955 2377 antistitem
985 2342 1081 2382 facit,
1111 2354 1191 2377 cum
1216 2343 1295 2377 aliis
1320 2343 1367 2377 sit
1392 2352 1434 2377 11.
1487 2342 1741 2388 Apostolatum

352 2404 452 2441 poeta
471 2407 666 2442 anonymus
684 2400 733 2434 sic
750 2400 922 2435 celebrat:
