2032 2912
319 297 383 328 156
703 294 935 326 HISTORIA
959 292 1333 325 ECCLESIASTICA

324 392 459 426 sionem
477 390 622 425 Domini
641 389 808 423 celebrari
831 389 1022 432 praecepit.
1075 387 1273 421 Meminere
1300 386 1467 422 Sidonius
1494 386 1715 432 Apollinaris

321 450 380 484 lib.
402 458 472 483 VII.
491 448 593 492 epist.
613 456 638 480 1.
658 445 806 492 Gregor.
826 446 1009 480 Turonen.
1030 446 1090 480 lib.
1112 455 1154 479 11.
1175 445 1312 479 Histor.
1329 445 1456 479 Franc.
1472 457 1546 490 cap.
1563 456 1712 481 XXXIV.

320 506 441 540 Albin.
455 516 517 539 seu
528 504 671 538 Alcuin.
688 503 835 538 Flaccus
850 503 911 537 lib.
926 504 969 537 de
986 504 1110 538 Divin.
1131 503 1230 537 Offic.
1253 515 1327 548 cap.
1344 513 1476 538 LXVII.
1513 504 1595 539 Ado
1609 505 1713 540 Vien.

322 563 485 597 Chronic.
505 566 620 596 aetate
638 570 692 595 VI.
721 561 809 595 Fuit
827 562 865 595 in
883 561 1103 596 Convallano
1126 562 1311 606 quidpiam
1331 562 1543 602 divinitatis,
1563 574 1645 596 nam
1664 575 1715 597 se-

320 620 468 654 cretiora
486 621 617 654 scelera
634 619 848 664 quibusdam
867 619 1100 664 optimatibus
1119 620 1264 659 detexit,
1284 631 1354 664 quo
1373 620 1517 654 nomine
1543 620 1595 654 illi
1615 632 1636 654 a
1654 620 1716 656 fla-

319 678 449 724 gitioso
466 682 547 711 actu
566 678 661 712 vitae
675 678 719 711 ad
734 689 855 711 sanam
870 681 1024 711 mentem
1039 677 1231 711 redierunt.
1266 677 1289 710 J
1292 689 1424 711 oannes
1444 677 1715 723 Campusbellus

319 740 354 769 et
369 734 620 770 veremundus
631 739 792 769 auctores
806 741 902 774 sunt,
914 746 985 768 non
1003 746 1115 779 pauca
1134 735 1178 769 ab
1196 735 1257 769 illo
1274 735 1466 779 praedicta,
1485 747 1575 780 quae
1593 742 1716 781 postea

319 798 467 828 eventus
486 793 742 838 comprobavit.
794 792 887 838 Ejus
905 796 991 826 sunt
1009 793 1189 833 vaticinia,

465 851 520 885 De
539 851 720 885 Pictorum
741 850 1070 894 Britannorumque
1089 850 1207 896 Regni
1225 849 1377 884 Excidio
1483 851 1543 885 lib.
1564 861 1588 885 1.

466 910 521 944 De
541 910 728 944 Scotorum
749 908 892 954 Regum
910 906 1136 941 Successione
1484 909 1546 943 lib.
1566 918 1591 942 1.

466 967 522 1001 De
540 967 743 1013 Anglorum
762 965 887 999 Gentis
905 964 1030 999 futura
1047 965 1086 998 in
1104 964 1289 998 Christum
1308 958 1453 999 Pietate*
1482 965 1543 999 lib.
1565 975 1589 1000 1.

467 1025 609 1059 Monita
627 1025 672 1058 ad
691 1024 859 1058 Proceres
1482 1024 1544 1058 lib.
1565 1035 1589 1058 1.

364 1083 519 1118 Vivebat
557 1093 650 1116 anno
686 1089 874 1117 CCCXCVI.
913 1079 996 1114 Ado
1030 1079 1206 1115 Viennen.
1243 1081 1300 1115 vel
1330 1091 1423 1115 anno
1459 1089 1711 1119 ccceLXvnI.

316 1142 489 1188 Sigebert.

771 1239 807 1274 S.
836 1237 1121 1273 CORMACUS.
1175 1237 1258 1273 260.

317 1316 349 1350 S.
376 1316 613 1356 CORMAcUs‚
641 1314 762 1349 Sancti
789 1314 902 1348 Beani
927 1318 962 1348 et
984 1313 1152 1348 Donortii
1169 1314 1208 1348 in
1227 1315 1433 1360 episcopatu
1451 1316 1712 1353 Murthlacensi

317 1385 508 1414 successor,
535 1378 569 1407 et
596 1373 757 1407 eruditus
784 1377 819 1406 et
844 1372 925 1417 pius
952 1372 1112 1413 antistes,
1148 1373 1191 1406 de
1221 1384 1292 1418 quo
1321 1374 1411 1408 nihil
1440 1375 1640 1410 addendum
1669 1377 1713 1411 iis

316 1444 407 1477 quae
424 1432 469 1466 ab
489 1431 642 1465 Hectore
662 1430 814 1466 Boethio
832 1434 917 1464 sunt
934 1430 1076 1474 prodita
1101 1430 1162 1464 lib.
1182 1431 1224 1464 de
1242 1430 1432 1476 Episcopis
1451 1432 1713 1469 Aberdonensi-

317 1491 393 1525 bus.
446 1489 539 1536 Ejus
557 1494 665 1524 sunt:

466 1548 660 1582 Conciones
677 1547 757 1591 piae
1259 1547 1320 1581 lib.
1341 1557 1366 1581 1.

365 1606 563 1641 Ecclesiam
589 1605 735 1651 regebat
760 1615 862 1639 suam
889 1613 1011 1639 MXLI.
1065 1602 1210 1639 Hector.
1241 1604 1367 1639 Boeth.
1394 1606 1455 1640 lib.
1484 1616 1540 1640 1X.
1574 1606 1712 1643 Histor.

317 1664 412 1700 Scot.
430 1676 511 1710 pag.
532 1672 680 1698 CCXLV.

679 1762 715 1796 S.
743 1761 1018 1796 CORMACUS
1043 1761 1208 1796 ALIUS.
1260 1761 1343 1797 261.

317 1842 352 1875 S.
368 1841 592 1875 CORMACUS
607 1839 697 1872 alius
711 1838 836 1872 multis
848 1837 974 1871 seculis
986 1837 1141 1881 priorem
1156 1839 1358 1882 praecessit,
1376 1839 1541 1884 “primus
1556 1840 1713 1876 Scoticae

316 1899 479 1933 ecclesiae
508 1896 737 1931 illustrator.'’
799 1895 834 1929 S.
865 1895 1045 1929 Adamani
1073 1895 1132 1929 lib.
1165 1905 1225 1929 111.
1257 1897 1300 1930 de
1327 1896 1415 1931 Vita
1445 1897 1481 1931 S.
1508 1897 1712 1939 Columbae,

317 1969 391 2002 cap.
412 1965 501 1990 XXI.
530 1960 550 1975 “
570 1954 870 1988 Monasteriorum
889 1957 1093 1987 sanctorum
1110 1953 1317 1988 fundatores
1336 1955 1379 1988 de
1402 1954 1531 1997 Scotia,
1560 1968 1714 2001 quorum

316 2015 469 2049 illustria
481 2013 664 2053 vocabula,
679 2011 882 2058 Congellus,
895 2011 1157 2051 Cahinnechus,
1173 2011 1394 2053 Brendenus,
1410 2013 1636 2054 Cormacus‚’'
1650 2026 1713 2049 nec

316 2075 429 2118 plura.
482 2071 631 2115 Scripsit

464 2130 639 2176 Regulam
659 2129 704 2163 ad
722 2128 868 2163 Fratres
1259 2129 1320 2163 lib.
1342 2138 1367 2162 1.

366 2188 521 2223 Vivebat
539 2198 632 2221 anno
651 2195 714 2221 De.
759 2185 874 2221 Abest
891 2187 936 2221 ab
953 2186 1118 2221 omnibus
1137 2188 1414 2233 martyrologiis.

798 2285 834 2319 S.
862 2285 1090 2321 CANICUS.
1144 2285 1226 2321 262.

322 2367 343 2382 “
369 2361 404 2395 S.
443 2360 624 2395 CANICUS
664 2361 701 2394 in
736 2361 854 2395 Scotia
896 2361 1035 2401 abbas,”
1078 2362 1128 2395 ait
1169 2361 1473 2408 Martyrologium
1508 2363 1711 2397 Romanum

319 2420 374 2454 die
410 2428 467 2453 XI.
504 2418 680 2453 Octobris.
733 2418 920 2453 Usuardus
955 2419 1062 2453 etiam
1100 2419 1223 2453 eodem
1254 2419 1323 2460 die,
1358 2420 1419 2454 ubi
1453 2420 1510 2455 Jo.
1545 2421 1710 2455 Molanus
