<?xml version="1.0" encoding="UTF-8"?>
<!DOCTYPE html PUBLIC "-//W3C//DTD XHTML 1.0 Transitional//EN"
    "http://www.w3.org/TR/xhtml1/DTD/xhtml1-transitional.dtd">
<html xmlns="http://www.w3.org/1999/xhtml" xml:lang="en" lang="en">
 <head>
  <title>
</title>
<meta http-equiv="Content-Type" content="text/html;charset=utf-8" />
  <meta name='ocr-system' content='tesseract 3.04.00' />
  <meta name='ocr-capabilities' content='ocr_page ocr_carea ocr_par ocr_line ocrx_word'/>
</head>
<body>
  <div class='ocr_page' id='page_1' title='image "./thomaedempste2101dempuoft_0066.png"; bbox 0 0 2032 2912; ppageno 0'>
   <div class='ocr_carea' id='block_1_1' title="bbox 332 293 1333 338">
    <p class='ocr_par' dir='ltr' id='par_1_1' title="bbox 332 293 1333 338">
     <span class='ocr_line' id='line_1_1' title="bbox 332 293 1333 338; baseline -0.014 0"><span class='ocrx_word' id='word_1_1' title='bbox 332 310 351 338; x_wconf 71' lang='lat'><strong>4</strong></span> <span class='ocrx_word' id='word_1_2' title='bbox 710 298 939 333; x_wconf 86' lang='lat' dir='ltr'>HISTORIA</span> <span class='ocrx_word' id='word_1_3' title='bbox 963 293 1333 329; x_wconf 86' lang='lat' dir='ltr'><strong>ECCLESIASTICA</strong></span> 
     </span>
    </p>
   </div>
   <div class='ocr_carea' id='block_1_2' title="bbox 333 384 1712 895">
    <p class='ocr_par' dir='ltr' id='par_1_2' title="bbox 333 384 1712 895">
     <span class='ocr_line' id='line_1_2' title="bbox 335 384 1709 446; baseline -0.012 -12"><span class='ocrx_word' id='word_1_4' title='bbox 335 401 439 446; x_wconf 86' lang='lat' dir='ltr'><strong>Lign.</strong></span> <span class='ocrx_word' id='word_1_5' title='bbox 458 398 531 433; x_wconf 88' lang='lat' dir='ltr'><strong>Vit.</strong></span> <span class='ocrx_word' id='word_1_6' title='bbox 549 387 622 441; x_wconf 82' lang='lat' dir='ltr'><strong>cap.</strong></span> <span class='ocrx_word' id='word_1_7' title='bbox 642 403 793 429; x_wconf 79' lang='lat' dir='ltr'><strong>xxxlx.</strong></span> <span class='ocrx_word' id='word_1_8' title='bbox 810 392 905 437; x_wconf 88' lang='lat' dir='ltr'><strong>quod</strong></span> <span class='ocrx_word' id='word_1_9' title='bbox 921 400 1018 424; x_wconf 90' lang='lat' dir='ltr'><strong>more</strong></span> <span class='ocrx_word' id='word_1_10' title='bbox 1035 393 1153 424; x_wconf 89' lang='lat' dir='ltr'><strong>vetere</strong></span> <span class='ocrx_word' id='word_1_11' title='bbox 1171 388 1323 421; x_wconf 84' lang='lat' dir='ltr'><strong>decimas</strong></span> <span class='ocrx_word' id='word_1_12' title='bbox 1341 385 1510 431; x_wconf 84' lang='lat' dir='ltr'><strong>exigeret,</strong></span> <span class='ocrx_word' id='word_1_13' title='bbox 1530 395 1551 419; x_wconf 90' lang='lat' dir='ltr'><strong>a</strong></span> <span class='ocrx_word' id='word_1_14' title='bbox 1568 384 1709 420; x_wconf 84' lang='lat' dir='ltr'><strong>furente</strong></span> 
     </span>
     <span class='ocr_line' id='line_1_3' title="bbox 335 441 1711 501; baseline -0.012 -11"><span class='ocrx_word' id='word_1_15' title='bbox 335 457 433 501; x_wconf 85' lang='lat' dir='ltr'><strong>plebe</strong></span> <span class='ocrx_word' id='word_1_16' title='bbox 457 453 551 488; x_wconf 89' lang='lat' dir='ltr'><strong>domi</strong></span> <span class='ocrx_word' id='word_1_17' title='bbox 576 451 857 496; x_wconf 86' lang='lat' dir='ltr'><strong>comprehensus,</strong></span> <span class='ocrx_word' id='word_1_18' title='bbox 883 459 923 482; x_wconf 91' lang='lat' dir='ltr'><strong>ac</strong></span> <span class='ocrx_word' id='word_1_19' title='bbox 948 447 987 481; x_wconf 89' lang='lat' dir='ltr'><strong>in</strong></span> <span class='ocrx_word' id='word_1_20' title='bbox 1008 446 1154 491; x_wconf 88' lang='lat' dir='ltr'><strong>propria</strong></span> <span class='ocrx_word' id='word_1_21' title='bbox 1178 444 1296 479; x_wconf 91' lang='lat' dir='ltr'><strong>culina</strong></span> <span class='ocrx_word' id='word_1_22' title='bbox 1319 446 1476 478; x_wconf 85' lang='lat' dir='ltr'><strong>exustus.</strong></span> <span class='ocrx_word' id='word_1_23' title='bbox 1528 441 1597 475; x_wconf 89' lang='lat' dir='ltr'><strong>Sed</strong></span> <span class='ocrx_word' id='word_1_24' title='bbox 1619 442 1711 476; x_wconf 87' lang='lat' dir='ltr'><strong>hanc</strong></span> 
     </span>
     <span class='ocr_line' id='line_1_4' title="bbox 334 499 1710 549; baseline -0.01 -3"><span class='ocrx_word' id='word_1_25' title='bbox 334 511 586 546; x_wconf 86' lang='lat' dir='ltr'><strong>immanitatem</strong></span> <span class='ocrx_word' id='word_1_26' title='bbox 615 506 818 542; x_wconf 85' lang='lat' dir='ltr'><strong>Alexander</strong></span> <span class='ocrx_word' id='word_1_27' title='bbox 847 504 896 539; x_wconf 91' lang='lat'><strong>11.</strong></span> <span class='ocrx_word' id='word_1_28' title='bbox 926 515 990 538; x_wconf 88' lang='lat' dir='ltr'><strong>rex</strong></span> <span class='ocrx_word' id='word_1_29' title='bbox 1019 503 1126 549; x_wconf 85' lang='lat' dir='ltr'><strong>digne</strong></span> <span class='ocrx_word' id='word_1_30' title='bbox 1160 501 1354 536; x_wconf 85' lang='lat' dir='ltr'><strong>vindicavit</strong></span> <span class='ocrx_word' id='word_1_31' title='bbox 1389 508 1500 534; x_wconf 84' lang='lat' dir='ltr'><strong>cccc.</strong></span> <span class='ocrx_word' id='word_1_32' title='bbox 1535 499 1710 543; x_wconf 86' lang='lat' dir='ltr'><strong>supplicio</strong></span> 
     </span>
     <span class='ocr_line' id='line_1_5' title="bbox 333 555 1708 607; baseline -0.009 -5"><span class='ocrx_word' id='word_1_33' title='bbox 333 568 474 607; x_wconf 85' lang='lat' dir='ltr'><strong>affectis,</strong></span> <span class='ocrx_word' id='word_1_34' title='bbox 504 566 585 600; x_wconf 89' lang='lat' dir='ltr'><strong>filiis</strong></span> <span class='ocrx_word' id='word_1_35' title='bbox 614 575 736 600; x_wconf 89' lang='lat' dir='ltr'><strong>eorum</strong></span> <span class='ocrx_word' id='word_1_36' title='bbox 764 561 983 597; x_wconf 87' lang='lat' dir='ltr'><strong>memorabili</strong></span> <span class='ocrx_word' id='word_1_37' title='bbox 1012 560 1155 605; x_wconf 82' lang='lat' dir='ltr'><strong>pietatis</strong></span> <span class='ocrx_word' id='word_1_38' title='bbox 1185 559 1345 603; x_wconf 84' lang='lat' dir='ltr'><strong>exemplo</strong></span> <span class='ocrx_word' id='word_1_39' title='bbox 1383 557 1542 597; x_wconf 85' lang='lat' dir='ltr'><strong>exsectis,</strong></span> <span class='ocrx_word' id='word_1_40' title='bbox 1580 555 1708 590; x_wconf 86' lang='lat' dir='ltr'><strong>comite</strong></span> 
     </span>
     <span class='ocr_line' id='line_1_6' title="bbox 333 613 1709 671; baseline -0.01 -12"><span class='ocrx_word' id='word_1_41' title='bbox 333 624 495 671; x_wconf 80' lang='lat' dir='ltr'><strong>regioniS,</strong></span> <span class='ocrx_word' id='word_1_42' title='bbox 523 623 618 668; x_wconf 89' lang='lat' dir='ltr'><strong>quod</strong></span> <span class='ocrx_word' id='word_1_43' title='bbox 646 620 821 655; x_wconf 87' lang='lat' dir='ltr'><strong>laboranti</strong></span> <span class='ocrx_word' id='word_1_44' title='bbox 850 630 923 653; x_wconf 89' lang='lat' dir='ltr'><strong>non</strong></span> <span class='ocrx_word' id='word_1_45' title='bbox 949 617 1173 656; x_wconf 88' lang='lat' dir='ltr'><strong>succurrerit,</strong></span> <span class='ocrx_word' id='word_1_46' title='bbox 1200 615 1396 650; x_wconf 87' lang='lat' dir='ltr'><strong>nobilitatis</strong></span> <span class='ocrx_word' id='word_1_47' title='bbox 1423 614 1538 660; x_wconf 88' lang='lat' dir='ltr'><strong>gradu</strong></span> <span class='ocrx_word' id='word_1_48' title='bbox 1563 613 1709 658; x_wconf 89' lang='lat' dir='ltr'><strong>dejecto.</strong></span> 
     </span>
     <span class='ocr_line' id='line_1_7' title="bbox 333 670 1712 722; baseline -0.01 -6"><span class='ocrx_word' id='word_1_49' title='bbox 333 682 450 722; x_wconf 73' lang='lat' dir='ltr'><strong>Quare</strong></span> <span class='ocrx_word' id='word_1_50' title='bbox 473 679 692 714; x_wconf 85' lang='lat' dir='ltr'><strong>coelestinus</strong></span> <span class='ocrx_word' id='word_1_51' title='bbox 710 677 775 712; x_wconf 89' lang='lat' dir='ltr'><strong>IV.</strong></span> <span class='ocrx_word' id='word_1_52' title='bbox 798 675 959 722; x_wconf 85' lang='lat' dir='ltr'><strong>pontifex</strong></span> <span class='ocrx_word' id='word_1_53' title='bbox 981 685 1045 719; x_wconf 91' lang='lat' dir='ltr'><strong>per</strong></span> <span class='ocrx_word' id='word_1_54' title='bbox 1067 673 1251 718; x_wconf 86' lang='lat' dir='ltr'><strong>epistolam</strong></span> <span class='ocrx_word' id='word_1_55' title='bbox 1275 672 1408 718; x_wconf 85' lang='lat' dir='ltr'><strong>gratias</strong></span> <span class='ocrx_word' id='word_1_56' title='bbox 1432 671 1516 716; x_wconf 90' lang='lat' dir='ltr'><strong>egit,</strong></span> <span class='ocrx_word' id='word_1_57' title='bbox 1540 670 1635 715; x_wconf 90' lang='lat' dir='ltr'><strong>quod</strong></span> <span class='ocrx_word' id='word_1_58' title='bbox 1659 680 1712 702; x_wconf 85' lang='lat' dir='ltr'><strong>ee-</strong></span> 
     </span>
     <span class='ocr_line' id='line_1_8' title="bbox 333 727 1711 781; baseline -0.01 -8"><span class='ocrx_word' id='word_1_59' title='bbox 333 738 561 772; x_wconf 84' lang='lat' dir='ltr'><strong>clesiasticam</strong></span> <span class='ocrx_word' id='word_1_60' title='bbox 578 735 788 781; x_wconf 87' lang='lat' dir='ltr'><strong>dignitatem</strong></span> <span class='ocrx_word' id='word_1_61' title='bbox 804 738 879 768; x_wconf 89' lang='lat' dir='ltr'><strong>tam</strong></span> <span class='ocrx_word' id='word_1_62' title='bbox 901 732 1041 778; x_wconf 88' lang='lat' dir='ltr'><strong>egregie</strong></span> <span class='ocrx_word' id='word_1_63' title='bbox 1063 733 1332 775; x_wconf 88' lang='lat' dir='ltr'><strong>propugnasset,</strong></span> <span class='ocrx_word' id='word_1_64' title='bbox 1355 728 1464 762; x_wconf 90' lang='lat' dir='ltr'><strong>misso</strong></span> <span class='ocrx_word' id='word_1_65' title='bbox 1487 727 1641 773; x_wconf 85' lang='lat' dir='ltr'><strong>Aegidio</strong></span> <span class='ocrx_word' id='word_1_66' title='bbox 1664 727 1711 760; x_wconf 88' lang='lat' dir='ltr'><strong>le-</strong></span> 
     </span>
     <span class='ocr_line' id='line_1_9' title="bbox 334 785 1711 841; baseline -0.01 -12"><span class='ocrx_word' id='word_1_67' title='bbox 334 799 427 841; x_wconf 87' lang='lat' dir='ltr'><strong>gato.</strong></span> <span class='ocrx_word' id='word_1_68' title='bbox 462 793 595 828; x_wconf 88' lang='lat' dir='ltr'><strong>Anton.</strong></span> <span class='ocrx_word' id='word_1_69' title='bbox 614 791 846 826; x_wconf 89' lang='lat' dir='ltr'><strong>Dauroultius</strong></span> <span class='ocrx_word' id='word_1_70' title='bbox 863 801 940 834; x_wconf 87' lang='lat' dir='ltr'><strong>par.</strong></span> <span class='ocrx_word' id='word_1_71' title='bbox 959 798 984 822; x_wconf 92' lang='lat'><strong>1.</strong></span> <span class='ocrx_word' id='word_1_72' title='bbox 1005 788 1101 822; x_wconf 87' lang='lat' dir='ltr'><strong>Flor.</strong></span> <span class='ocrx_word' id='word_1_73' title='bbox 1115 786 1280 831; x_wconf 83' lang='lat' dir='ltr'><strong>Exempl.</strong></span> <span class='ocrx_word' id='word_1_74' title='bbox 1295 797 1370 831; x_wconf 88' lang='lat' dir='ltr'><strong>cap.</strong></span> <span class='ocrx_word' id='word_1_75' title='bbox 1385 794 1438 819; x_wconf 82' lang='lat' dir='ltr'><strong>lv.</strong></span> <span class='ocrx_word' id='word_1_76' title='bbox 1453 785 1511 820; x_wconf 89' lang='lat' dir='ltr'><strong>tit.</strong></span> <span class='ocrx_word' id='word_1_77' title='bbox 1525 791 1613 818; x_wconf 74' lang='lat' dir='ltr'>XIV.</span> <span class='ocrx_word' id='word_1_78' title='bbox 1628 787 1711 817; x_wconf 83' lang='lat' dir='ltr'><strong>sect.</strong></span> 
     </span>
     <span class='ocr_line' id='line_1_10' title="bbox 336 845 1001 895; baseline -0.011 -9"><span class='ocrx_word' id='word_1_79' title='bbox 336 861 393 885; x_wconf 79' lang='lat' dir='ltr'><strong>lx.</strong></span> <span class='ocrx_word' id='word_1_80' title='bbox 410 850 513 885; x_wconf 88' lang='lat' dir='ltr'><strong>Joan.</strong></span> <span class='ocrx_word' id='word_1_81' title='bbox 532 850 652 895; x_wconf 87' lang='lat' dir='ltr'><strong>Major</strong></span> <span class='ocrx_word' id='word_1_82' title='bbox 667 848 727 883; x_wconf 91' lang='lat' dir='ltr'><strong>lib.</strong></span> <span class='ocrx_word' id='word_1_83' title='bbox 747 856 801 881; x_wconf 73' lang='grc' dir='ltr'><strong>ιν.</strong></span> <span class='ocrx_word' id='word_1_84' title='bbox 853 845 1001 890; x_wconf 87' lang='lat' dir='ltr'><strong>Scripsit</strong></span> 
     </span>
    </p>
   </div>
   <div class='ocr_carea' id='block_1_3' title="bbox 475 901 1348 1232">
    <p class='ocr_par' dir='ltr' id='par_1_3' title="bbox 476 901 1348 1008">
     <span class='ocr_line' id='line_1_11' title="bbox 479 901 1348 941; baseline -0.008 0"><span class='ocrx_word' id='word_1_85' title='bbox 479 906 677 941; x_wconf 84' lang='lat' dir='ltr'><strong>Historiam</strong></span> <span class='ocrx_word' id='word_1_86' title='bbox 694 904 830 939; x_wconf 84' lang='lat' dir='ltr'><strong>Scotiae</strong></span> <span class='ocrx_word' id='word_1_87' title='bbox 1208 901 1268 935; x_wconf 89' lang='lat' dir='ltr'><strong>lib.</strong></span> <span class='ocrx_word' id='word_1_88' title='bbox 1288 909 1348 935; x_wconf 90' lang='lat'>111.</span> 
     </span>
     <span class='ocr_line' id='line_1_12' title="bbox 476 957 1202 1008; baseline -0.01 -10"><span class='ocrx_word' id='word_1_89' title='bbox 476 963 657 1008; x_wconf 86' lang='lat' dir='ltr'><strong>Epistolas</strong></span> <span class='ocrx_word' id='word_1_90' title='bbox 674 962 718 996; x_wconf 89' lang='lat' dir='ltr'><strong>ad</strong></span> <span class='ocrx_word' id='word_1_91' title='bbox 736 961 870 1007; x_wconf 88' lang='lat' dir='ltr'><strong>Regem</strong></span> <span class='ocrx_word' id='word_1_92' title='bbox 888 963 1010 994; x_wconf 87' lang='lat' dir='ltr'><strong>contra</strong></span> <span class='ocrx_word' id='word_1_93' title='bbox 1027 957 1202 993; x_wconf 89' lang='lat' dir='ltr'><strong>Comitem</strong></span> 
     </span>
    </p>

    <p class='ocr_par' dir='ltr' id='par_1_4' title="bbox 475 1013 1317 1232">
     <span class='ocr_line' id='line_1_13' title="bbox 525 1013 1316 1053; baseline -0.008 0"><span class='ocrx_word' id='word_1_94' title='bbox 525 1020 568 1053; x_wconf 90' lang='lat' dir='ltr'><strong>de</strong></span> <span class='ocrx_word' id='word_1_95' title='bbox 585 1019 759 1053; x_wconf 85' lang='lat' dir='ltr'><strong>Cathenes</strong></span> <span class='ocrx_word' id='word_1_96' title='bbox 1209 1013 1270 1048; x_wconf 85' lang='lat' dir='ltr'><strong>lib.</strong></span> <span class='ocrx_word' id='word_1_97' title='bbox 1291 1022 1316 1047; x_wconf 91' lang='lat'><strong>1.</strong></span> 
     </span>
     <span class='ocr_line' id='line_1_14' title="bbox 475 1071 1317 1121; baseline -0.007 -11"><span class='ocrx_word' id='word_1_98' title='bbox 475 1076 656 1121; x_wconf 82' lang='lat' dir='ltr'><strong>Epistulas</strong></span> <span class='ocrx_word' id='word_1_99' title='bbox 673 1075 718 1108; x_wconf 90' lang='lat' dir='ltr'><strong>ad</strong></span> <span class='ocrx_word' id='word_1_100' title='bbox 734 1073 980 1108; x_wconf 87' lang='lat' dir='ltr'><strong>Alexandrum</strong></span> <span class='ocrx_word' id='word_1_101' title='bbox 998 1071 1134 1116; x_wconf 87' lang='lat' dir='ltr'><strong>Papam</strong></span> <span class='ocrx_word' id='word_1_102' title='bbox 1208 1071 1269 1105; x_wconf 89' lang='lat' dir='ltr'><strong>lib.</strong></span> <span class='ocrx_word' id='word_1_103' title='bbox 1291 1079 1317 1104; x_wconf 89' lang='lat'><strong>1.</strong></span> 
     </span>
     <span class='ocr_line' id='line_1_15' title="bbox 475 1128 1315 1176; baseline -0.007 -9"><span class='ocrx_word' id='word_1_104' title='bbox 475 1133 654 1176; x_wconf 86' lang='lat' dir='ltr'><strong>Excerpta</strong></span> <span class='ocrx_word' id='word_1_105' title='bbox 671 1131 808 1165; x_wconf 89' lang='lat' dir='ltr'><strong>Biblica</strong></span> <span class='ocrx_word' id='word_1_106' title='bbox 1209 1128 1270 1162; x_wconf 90' lang='lat' dir='ltr'><strong>lib.</strong></span> <span class='ocrx_word' id='word_1_107' title='bbox 1290 1137 1315 1161; x_wconf 88' lang='lat'><strong>1.</strong></span> 
     </span>
     <span class='ocr_line' id='line_1_16' title="bbox 480 1185 1316 1232; baseline -0.007 -8"><span class='ocrx_word' id='word_1_108' title='bbox 480 1189 682 1224; x_wconf 89' lang='lat' dir='ltr'><strong>Insularum</strong></span> <span class='ocrx_word' id='word_1_109' title='bbox 699 1188 962 1232; x_wconf 89' lang='lat' dir='ltr'><strong>Descriptiones</strong></span> <span class='ocrx_word' id='word_1_110' title='bbox 1208 1185 1270 1219; x_wconf 93' lang='lat' dir='ltr'><strong>lib.</strong></span> <span class='ocrx_word' id='word_1_111' title='bbox 1290 1194 1316 1218; x_wconf 88' lang='lat'><strong>1.</strong></span> 
     </span>
    </p>
   </div>
   <div class='ocr_carea' id='block_1_4' title="bbox 332 1240 1714 1510">
    <p class='ocr_par' dir='ltr' id='par_1_5' title="bbox 332 1240 1714 1510">
     <span class='ocr_line' id='line_1_17' title="bbox 381 1240 1711 1282; baseline -0.002 0"><span class='ocrx_word' id='word_1_112' title='bbox 381 1248 589 1282; x_wconf 81' lang='lat' dir='ltr'><strong>Exstinctus</strong></span> <span class='ocrx_word' id='word_1_113' title='bbox 619 1251 672 1280; x_wconf 87' lang='lat' dir='ltr'><strong>est</strong></span> <span class='ocrx_word' id='word_1_114' title='bbox 701 1256 793 1279; x_wconf 87' lang='lat' dir='ltr'><strong>anno</strong></span> <span class='ocrx_word' id='word_1_115' title='bbox 825 1252 978 1278; x_wconf 59' lang='lat' dir='ltr'><strong>mccxx.</strong></span> <span class='ocrx_word' id='word_1_116' title='bbox 1005 1243 1061 1277; x_wconf 90' lang='lat' dir='ltr'><strong>vel</strong></span> <span class='ocrx_word' id='word_1_117' title='bbox 1089 1250 1282 1276; x_wconf 82' lang='lat' dir='ltr'><strong>Mccxxn.</strong></span> <span class='ocrx_word' id='word_1_118' title='bbox 1309 1240 1431 1276; x_wconf 89' lang='lat' dir='ltr'><strong>Uvion</strong></span> <span class='ocrx_word' id='word_1_119' title='bbox 1455 1242 1532 1276; x_wconf 91' lang='lat' dir='ltr'><strong>loeo</strong></span> <span class='ocrx_word' id='word_1_120' title='bbox 1556 1243 1711 1279; x_wconf 85' lang='lat' dir='ltr'><strong>laudato.</strong></span> 
     </span>
     <span class='ocr_line' id='line_1_18' title="bbox 332 1298 1714 1344; baseline -0.004 -4"><span class='ocrx_word' id='word_1_121' title='bbox 332 1306 469 1340; x_wconf 86' lang='lat' dir='ltr'><strong>Colitur</strong></span> <span class='ocrx_word' id='word_1_122' title='bbox 487 1308 639 1338; x_wconf 85' lang='lat' dir='ltr'><strong>sanctus.</strong></span> <span class='ocrx_word' id='word_1_123' title='bbox 670 1301 887 1336; x_wconf 89' lang='lat' dir='ltr'><strong>Scotichron.</strong></span> <span class='ocrx_word' id='word_1_124' title='bbox 906 1300 967 1334; x_wconf 90' lang='lat' dir='ltr'><strong>lib.</strong></span> <span class='ocrx_word' id='word_1_125' title='bbox 988 1309 1044 1334; x_wconf 85' lang='lat' dir='ltr'><strong>lx.</strong></span> <span class='ocrx_word' id='word_1_126' title='bbox 1062 1310 1138 1344; x_wconf 88' lang='lat' dir='ltr'><strong>cap.</strong></span> <span class='ocrx_word' id='word_1_127' title='bbox 1158 1307 1341 1333; x_wconf 75' lang='lat' dir='ltr'>XXXVIII.</span> <span class='ocrx_word' id='word_1_128' title='bbox 1368 1298 1500 1333; x_wconf 85' lang='lat' dir='ltr'><strong>Passus</strong></span> <span class='ocrx_word' id='word_1_129' title='bbox 1519 1304 1572 1333; x_wconf 88' lang='lat' dir='ltr'><strong>est</strong></span> <span class='ocrx_word' id='word_1_130' title='bbox 1589 1299 1714 1335; x_wconf 91' lang='lat' dir='ltr'><strong>Domi-</strong></span> 
     </span>
     <span class='ocr_line' id='line_1_19' title="bbox 332 1355 1712 1397; baseline -0.004 0"><span class='ocrx_word' id='word_1_131' title='bbox 332 1363 410 1397; x_wconf 90' lang='lat' dir='ltr'><strong>nica</strong></span> <span class='ocrx_word' id='word_1_132' title='bbox 431 1361 523 1396; x_wconf 88' lang='lat' dir='ltr'><strong>infra</strong></span> <span class='ocrx_word' id='word_1_133' title='bbox 544 1364 611 1394; x_wconf 87' lang='lat' dir='ltr'><strong>oct.</strong></span> <span class='ocrx_word' id='word_1_134' title='bbox 634 1364 707 1394; x_wconf 84' lang='lat' dir='ltr'><strong>nat.</strong></span> <span class='ocrx_word' id='word_1_135' title='bbox 726 1358 770 1392; x_wconf 91' lang='lat' dir='ltr'><strong>B.</strong></span> <span class='ocrx_word' id='word_1_136' title='bbox 790 1358 937 1391; x_wconf 89' lang='lat' dir='ltr'><strong>Mariae.</strong></span> <span class='ocrx_word' id='word_1_137' title='bbox 964 1357 1086 1391; x_wconf 90' lang='lat' dir='ltr'><strong>Simile</strong></span> <span class='ocrx_word' id='word_1_138' title='bbox 1108 1356 1267 1390; x_wconf 85' lang='lat' dir='ltr'><strong>referunt</strong></span> <span class='ocrx_word' id='word_1_139' title='bbox 1290 1356 1333 1389; x_wconf 89' lang='lat' dir='ltr'><strong>de</strong></span> <span class='ocrx_word' id='word_1_140' title='bbox 1356 1355 1400 1389; x_wconf 91' lang='lat' dir='ltr'><strong>B.</strong></span> <span class='ocrx_word' id='word_1_141' title='bbox 1420 1355 1559 1391; x_wconf 90' lang='lat' dir='ltr'><strong>Bellino</strong></span> <span class='ocrx_word' id='word_1_142' title='bbox 1577 1368 1597 1391; x_wconf 87' lang='lat' dir='ltr'><strong>a</strong></span> <span class='ocrx_word' id='word_1_143' title='bbox 1615 1356 1712 1391; x_wconf 92' lang='lat' dir='ltr'><strong>Tho-</strong></span> 
     </span>
     <span class='ocr_line' id='line_1_20' title="bbox 332 1413 1710 1463; baseline -0.004 -10"><span class='ocrx_word' id='word_1_144' title='bbox 332 1431 390 1453; x_wconf 91' lang='lat' dir='ltr'><strong>ma</strong></span> <span class='ocrx_word' id='word_1_145' title='bbox 429 1417 636 1463; x_wconf 89' lang='lat' dir='ltr'><strong>Capivaccio</strong></span> <span class='ocrx_word' id='word_1_146' title='bbox 673 1415 844 1460; x_wconf 90' lang='lat' dir='ltr'><strong>martyrio</strong></span> <span class='ocrx_word' id='word_1_147' title='bbox 882 1414 1032 1454; x_wconf 90' lang='lat' dir='ltr'><strong>sublato,</strong></span> <span class='ocrx_word' id='word_1_148' title='bbox 1075 1413 1142 1448; x_wconf 91' lang='lat' dir='ltr'><strong>sub</strong></span> <span class='ocrx_word' id='word_1_149' title='bbox 1182 1424 1316 1447; x_wconf 87' lang='lat' dir='ltr'><strong>annum</strong></span> <span class='ocrx_word' id='word_1_150' title='bbox 1360 1421 1537 1447; x_wconf 77' lang='lat' dir='ltr'><strong>Mcxmx.</strong></span> <span class='ocrx_word' id='word_1_151' title='bbox 1602 1413 1710 1449; x_wconf 90' lang='lat' dir='ltr'><strong>Bern.</strong></span> 
     </span>
     <span class='ocr_line' id='line_1_21' title="bbox 335 1469 1710 1510; baseline -0.004 0"><span class='ocrx_word' id='word_1_152' title='bbox 335 1476 518 1510; x_wconf 88' lang='lat' dir='ltr'><strong>Scardeon.</strong></span> <span class='ocrx_word' id='word_1_153' title='bbox 542 1474 602 1508; x_wconf 91' lang='lat' dir='ltr'><strong>lib.</strong></span> <span class='ocrx_word' id='word_1_154' title='bbox 626 1482 717 1507; x_wconf 83' lang='lat' dir='ltr'><strong>xl11.</strong></span> <span class='ocrx_word' id='word_1_155' title='bbox 741 1474 840 1506; x_wconf 81' lang='lat' dir='ltr'><strong>class.</strong></span> <span class='ocrx_word' id='word_1_156' title='bbox 864 1480 924 1505; x_wconf 89' lang='lat'>111.</span> <span class='ocrx_word' id='word_1_157' title='bbox 949 1476 984 1505; x_wconf 92' lang='lat' dir='ltr'><strong>et</strong></span> <span class='ocrx_word' id='word_1_158' title='bbox 1007 1475 1051 1505; x_wconf 82' lang='lat' dir='ltr'><strong>ex</strong></span> <span class='ocrx_word' id='word_1_159' title='bbox 1074 1482 1114 1505; x_wconf 91' lang='lat' dir='ltr'><strong>eo</strong></span> <span class='ocrx_word' id='word_1_160' title='bbox 1137 1470 1271 1506; x_wconf 84' lang='lat' dir='ltr'><strong>Molan.</strong></span> <span class='ocrx_word' id='word_1_161' title='bbox 1295 1470 1340 1505; x_wconf 89' lang='lat' dir='ltr'><strong>ad</strong></span> <span class='ocrx_word' id='word_1_162' title='bbox 1361 1469 1492 1505; x_wconf 89' lang='lat' dir='ltr'><strong>Usuar.</strong></span> <span class='ocrx_word' id='word_1_163' title='bbox 1515 1471 1572 1505; x_wconf 91' lang='lat' dir='ltr'><strong>die</strong></span> <span class='ocrx_word' id='word_1_164' title='bbox 1594 1480 1710 1506; x_wconf 78' lang='lat' dir='ltr'><strong>xxvl.</strong></span> 
     </span>
    </p>
   </div>
   <div class='ocr_carea' id='block_1_5' title="bbox 334 1532 1262 1679">
    <p class='ocr_par' dir='ltr' id='par_1_6' title="bbox 334 1532 1262 1679">
     <span class='ocr_line' id='line_1_22' title="bbox 334 1532 504 1566; baseline 0 0"><span class='ocrx_word' id='word_1_165' title='bbox 334 1532 504 1566; x_wconf 89' lang='lat' dir='ltr'><strong>Novemb.</strong></span> 
     </span>
     <span class='ocr_line' id='line_1_23' title="bbox 779 1642 1262 1679; baseline -0.002 -1"><span class='ocrx_word' id='word_1_166' title='bbox 779 1644 815 1678; x_wconf 89' lang='lat' dir='ltr'><strong>S.</strong></span> <span class='ocrx_word' id='word_1_167' title='bbox 842 1642 1176 1679; x_wconf 90' lang='lat' dir='ltr'><strong>ADAMANNUS.</strong></span> <span class='ocrx_word' id='word_1_168' title='bbox 1229 1647 1262 1678; x_wconf 83' lang='lat'><strong>3.</strong></span> 
     </span>
    </p>
   </div>
   <div class='ocr_carea' id='block_1_6' title="bbox 333 1757 1710 2431">
    <p class='ocr_par' dir='ltr' id='par_1_7' title="bbox 333 1757 1710 2431">
     <span class='ocr_line' id='line_1_24' title="bbox 335 1757 1710 1799; baseline 0.001 -6"><span class='ocrx_word' id='word_1_169' title='bbox 335 1766 355 1779; x_wconf 87' lang='lat'>“</span> <span class='ocrx_word' id='word_1_170' title='bbox 373 1759 408 1793; x_wconf 91' lang='lat' dir='ltr'><strong>S.</strong></span> <span class='ocrx_word' id='word_1_171' title='bbox 426 1759 696 1793; x_wconf 78' lang='lat' dir='ltr'>ADAMANNUS</span> <span class='ocrx_word' id='word_1_172' title='bbox 715 1758 895 1799; x_wconf 88' lang='lat' dir='ltr'><strong>Coludius‚</strong></span> <span class='ocrx_word' id='word_1_173' title='bbox 916 1758 1117 1792; x_wconf 86' lang='lat' dir='ltr'><strong>divinarum</strong></span> <span class='ocrx_word' id='word_1_174' title='bbox 1135 1758 1320 1792; x_wconf 88' lang='lat' dir='ltr'><strong>literarum</strong></span> <span class='ocrx_word' id='word_1_175' title='bbox 1338 1757 1620 1799; x_wconf 85' lang='lat' dir='ltr'><strong>callentissimus,</strong></span> <span class='ocrx_word' id='word_1_176' title='bbox 1647 1771 1710 1794; x_wconf 90' lang='lat' dir='ltr'><strong>nec</strong></span> 
     </span>
     <span class='ocr_line' id='line_1_25' title="bbox 334 1815 1708 1861; baseline 0.001 -10"><span class='ocrx_word' id='word_1_177' title='bbox 334 1817 560 1851; x_wconf 91' lang='lat' dir='ltr'><strong>saecularium</strong></span> <span class='ocrx_word' id='word_1_178' title='bbox 579 1816 736 1861; x_wconf 89' lang='lat' dir='ltr'><strong>ignarus,</strong></span> <span class='ocrx_word' id='word_1_179' title='bbox 758 1815 833 1849; x_wconf 89' lang='lat' dir='ltr'><strong>vita</strong></span> <span class='ocrx_word' id='word_1_180' title='bbox 855 1825 894 1848; x_wconf 92' lang='lat' dir='ltr'><strong>ac</strong></span> <span class='ocrx_word' id='word_1_181' title='bbox 916 1815 1180 1849; x_wconf 88' lang='lat' dir='ltr'><strong>conversatione</strong></span> <span class='ocrx_word' id='word_1_182' title='bbox 1202 1815 1433 1859; x_wconf 87' lang='lat' dir='ltr'><strong>praeclarus‚‘’</strong></span> <span class='ocrx_word' id='word_1_183' title='bbox 1457 1816 1508 1849; x_wconf 89' lang='lat' dir='ltr'><strong>ait</strong></span> <span class='ocrx_word' id='word_1_184' title='bbox 1531 1815 1708 1852; x_wconf 87' lang='lat' dir='ltr'><strong>Trithem.</strong></span> 
     </span>
     <span class='ocr_line' id='line_1_26' title="bbox 333 1871 1710 1909; baseline 0.001 -2"><span class='ocrx_word' id='word_1_185' title='bbox 333 1873 550 1908; x_wconf 86' lang='lat' dir='ltr'><strong>Bibliotheca</strong></span> <span class='ocrx_word' id='word_1_186' title='bbox 581 1872 763 1906; x_wconf 90' lang='lat' dir='ltr'><strong>Minorum</strong></span> <span class='ocrx_word' id='word_1_187' title='bbox 794 1871 944 1906; x_wconf 85' lang='lat' dir='ltr'><strong>Patrum</strong></span> <span class='ocrx_word' id='word_1_188' title='bbox 974 1872 1012 1905; x_wconf 89' lang='lat' dir='ltr'><strong>in</strong></span> <span class='ocrx_word' id='word_1_189' title='bbox 1050 1871 1224 1906; x_wconf 87' lang='lat' dir='ltr'><strong>Chronico</strong></span> <span class='ocrx_word' id='word_1_190' title='bbox 1263 1872 1521 1907; x_wconf 90' lang='lat' dir='ltr'><strong>Chronicorum</strong></span> <span class='ocrx_word' id='word_1_191' title='bbox 1559 1872 1710 1909; x_wconf 86' lang='lat' dir='ltr'><strong>Joannis</strong></span> 
     </span>
     <span class='ocr_line' id='line_1_27' title="bbox 334 1928 1709 1975; baseline 0.001 -11"><span class='ocrx_word' id='word_1_192' title='bbox 334 1930 503 1965; x_wconf 88' lang='lat' dir='ltr'><strong>Gualterii</strong></span> <span class='ocrx_word' id='word_1_193' title='bbox 522 1940 602 1975; x_wconf 88' lang='lat' dir='ltr'><strong>pag.</strong></span> <span class='ocrx_word' id='word_1_194' title='bbox 621 1938 868 1963; x_wconf 74' lang='lat' dir='ltr'><strong>Deccexmn.</strong></span> <span class='ocrx_word' id='word_1_195' title='bbox 888 1933 909 1948; x_wconf 82' lang='lat'><strong>‘⁶</strong></span> <span class='ocrx_word' id='word_1_196' title='bbox 922 1928 1156 1963; x_wconf 89' lang='lat' dir='ltr'><strong>Adamannus</strong></span> <span class='ocrx_word' id='word_1_197' title='bbox 1174 1928 1345 1963; x_wconf 87' lang='lat' dir='ltr'><strong>Coludius</strong></span> <span class='ocrx_word' id='word_1_198' title='bbox 1364 1929 1502 1970; x_wconf 87' lang='lat' dir='ltr'><strong>Scotus,</strong></span> <span class='ocrx_word' id='word_1_199' title='bbox 1516 1931 1709 1966; x_wconf 83' lang='lat' dir='ltr'><strong>monachus</strong></span> 
     </span>
     <span class='ocr_line' id='line_1_28' title="bbox 334 1986 1710 2032; baseline 0.001 -11"><span class='ocrx_word' id='word_1_200' title='bbox 334 1987 465 2022; x_wconf 86' lang='lat' dir='ltr'><strong>ordinis</strong></span> <span class='ocrx_word' id='word_1_201' title='bbox 494 1986 704 2030; x_wconf 89' lang='lat' dir='ltr'><strong>apostolici.&#39;&#39;</strong></span> <span class='ocrx_word' id='word_1_202' title='bbox 768 1986 1052 2032; x_wconf 87' lang='lat' dir='ltr'><strong>Cognomentum</strong></span> <span class='ocrx_word' id='word_1_203' title='bbox 1089 1986 1121 2020; x_wconf 89' lang='lat' dir='ltr'><strong>ei</strong></span> <span class='ocrx_word' id='word_1_204' title='bbox 1159 1986 1342 2025; x_wconf 91' lang='lat' dir='ltr'><strong>Coludius‚</strong></span> <span class='ocrx_word' id='word_1_205' title='bbox 1381 1986 1426 2020; x_wconf 92' lang='lat' dir='ltr'><strong>ab</strong></span> <span class='ocrx_word' id='word_1_206' title='bbox 1455 1987 1543 2021; x_wconf 90' lang='lat' dir='ltr'><strong>urbe</strong></span> <span class='ocrx_word' id='word_1_207' title='bbox 1572 1987 1710 2022; x_wconf 89' lang='lat' dir='ltr'><strong>Scotiae</strong></span> 
     </span>
     <span class='ocr_line' id='line_1_29' title="bbox 334 2042 1710 2085; baseline 0.001 -7"><span class='ocrx_word' id='word_1_208' title='bbox 334 2046 371 2078; x_wconf 90' lang='lat' dir='ltr'><strong>in</strong></span> <span class='ocrx_word' id='word_1_209' title='bbox 401 2043 561 2082; x_wconf 86' lang='lat' dir='ltr'><strong>Maeatis,</strong></span> <span class='ocrx_word' id='word_1_210' title='bbox 591 2054 653 2077; x_wconf 85' lang='lat' dir='ltr'><strong>seu</strong></span> <span class='ocrx_word' id='word_1_211' title='bbox 682 2042 852 2082; x_wconf 90' lang='lat' dir='ltr'><strong>Merchia,</strong></span> <span class='ocrx_word' id='word_1_212' title='bbox 886 2042 1090 2077; x_wconf 88' lang='lat' dir='ltr'><strong>Ptolomaeo</strong></span> <span class='ocrx_word' id='word_1_213' title='bbox 1128 2042 1272 2084; x_wconf 87' lang='lat' dir='ltr'><strong>Colana,</strong></span> <span class='ocrx_word' id='word_1_214' title='bbox 1311 2043 1429 2078; x_wconf 90' lang='lat' dir='ltr'><strong>Bedae</strong></span> <span class='ocrx_word' id='word_1_215' title='bbox 1468 2044 1636 2085; x_wconf 84' lang='lat' dir='ltr'><strong>Coldana,</strong></span> <span class='ocrx_word' id='word_1_216' title='bbox 1675 2052 1710 2080; x_wconf 90' lang='lat' dir='ltr'><strong>et</strong></span> 
     </span>
     <span class='ocr_line' id='line_1_30' title="bbox 336 2099 1709 2146; baseline 0.001 -10"><span class='ocrx_word' id='word_1_217' title='bbox 336 2101 472 2140; x_wconf 88' lang='lat' dir='ltr'><strong>Coludi,</strong></span> <span class='ocrx_word' id='word_1_218' title='bbox 489 2100 591 2133; x_wconf 91' lang='lat' dir='ltr'><strong>hodie</strong></span> <span class='ocrx_word' id='word_1_219' title='bbox 608 2111 692 2134; x_wconf 89' lang='lat' dir='ltr'><strong>vero</strong></span> <span class='ocrx_word' id='word_1_220' title='bbox 709 2105 762 2134; x_wconf 90' lang='lat' dir='ltr'><strong>est</strong></span> <span class='ocrx_word' id='word_1_221' title='bbox 783 2099 1049 2145; x_wconf 87' lang='lat' dir='ltr'><strong>Coldinghame,</strong></span> <span class='ocrx_word' id='word_1_222' title='bbox 1078 2104 1113 2134; x_wconf 91' lang='lat' dir='ltr'><strong>et</strong></span> <span class='ocrx_word' id='word_1_223' title='bbox 1135 2111 1205 2134; x_wconf 89' lang='lat' dir='ltr'><strong>non</strong></span> <span class='ocrx_word' id='word_1_224' title='bbox 1227 2101 1302 2134; x_wconf 90' lang='lat' dir='ltr'><strong>sine</strong></span> <span class='ocrx_word' id='word_1_225' title='bbox 1324 2101 1522 2136; x_wconf 87' lang='lat' dir='ltr'><strong>sanctitatis</strong></span> <span class='ocrx_word' id='word_1_226' title='bbox 1544 2103 1709 2146; x_wconf 90' lang='lat' dir='ltr'><strong>opinione</strong></span> 
     </span>
     <span class='ocr_line' id='line_1_31' title="bbox 337 2156 1709 2202; baseline 0.002 -11"><span class='ocrx_word' id='word_1_227' title='bbox 337 2159 527 2192; x_wconf 85' lang='lat' dir='ltr'><strong>multorum</strong></span> <span class='ocrx_word' id='word_1_228' title='bbox 548 2157 798 2191; x_wconf 89' lang='lat' dir='ltr'><strong>monachorum</strong></span> <span class='ocrx_word' id='word_1_229' title='bbox 822 2160 933 2201; x_wconf 83' lang='lat' dir='ltr'><strong>pater.</strong></span> <span class='ocrx_word' id='word_1_230' title='bbox 985 2156 1020 2190; x_wconf 92' lang='lat' dir='ltr'><strong>S.</strong></span> <span class='ocrx_word' id='word_1_231' title='bbox 1048 2156 1183 2191; x_wconf 83' lang='lat' dir='ltr'><strong>Kiliani</strong></span> <span class='ocrx_word' id='word_1_232' title='bbox 1209 2157 1432 2202; x_wconf 89' lang='lat' dir='ltr'><strong>discipulum,</strong></span> <span class='ocrx_word' id='word_1_233' title='bbox 1459 2163 1494 2192; x_wconf 88' lang='lat' dir='ltr'><strong>et</strong></span> <span class='ocrx_word' id='word_1_234' title='bbox 1519 2159 1557 2193; x_wconf 90' lang='lat' dir='ltr'><strong>in</strong></span> <span class='ocrx_word' id='word_1_235' title='bbox 1583 2159 1709 2195; x_wconf 89' lang='lat' dir='ltr'><strong>Galliis</strong></span> 
     </span>
     <span class='ocr_line' id='line_1_32' title="bbox 339 2212 1708 2261; baseline 0.001 -12"><span class='ocrx_word' id='word_1_236' title='bbox 339 2214 502 2249; x_wconf 89' lang='lat' dir='ltr'><strong>claruisse</strong></span> <span class='ocrx_word' id='word_1_237' title='bbox 528 2214 626 2247; x_wconf 90' lang='lat' dir='ltr'><strong>docet</strong></span> <span class='ocrx_word' id='word_1_238' title='bbox 651 2213 866 2260; x_wconf 85' lang='lat' dir='ltr'><strong>Sigebertus.</strong></span> <span class='ocrx_word' id='word_1_239' title='bbox 917 2212 1025 2247; x_wconf 92' lang='lat' dir='ltr'><strong>Anno</strong></span> <span class='ocrx_word' id='word_1_240' title='bbox 1049 2222 1197 2249; x_wconf 83' lang='lat' dir='ltr'><strong>DCXCV.</strong></span> <span class='ocrx_word' id='word_1_241' title='bbox 1223 2215 1506 2261; x_wconf 89' lang='lat' dir='ltr'><strong>peregrinatione</strong></span> <span class='ocrx_word' id='word_1_242' title='bbox 1531 2217 1708 2257; x_wconf 89' lang='lat' dir='ltr'><strong>instituta,</strong></span> 
     </span>
     <span class='ocr_line' id='line_1_33' title="bbox 338 2271 1708 2318; baseline 0.001 -12"><span class='ocrx_word' id='word_1_243' title='bbox 338 2275 543 2315; x_wconf 82' lang='lat' dir='ltr'><strong>tempestate</strong></span> <span class='ocrx_word' id='word_1_244' title='bbox 580 2271 618 2303; x_wconf 89' lang='lat' dir='ltr'><strong>in</strong></span> <span class='ocrx_word' id='word_1_245' title='bbox 652 2271 838 2305; x_wconf 85' lang='lat' dir='ltr'><strong>Franciam</strong></span> <span class='ocrx_word' id='word_1_246' title='bbox 872 2276 923 2305; x_wconf 87' lang='lat' dir='ltr'><strong>est</strong></span> <span class='ocrx_word' id='word_1_247' title='bbox 955 2271 1102 2312; x_wconf 88' lang='lat' dir='ltr'><strong>delatus,</strong></span> <span class='ocrx_word' id='word_1_248' title='bbox 1139 2272 1200 2306; x_wconf 90' lang='lat' dir='ltr'><strong>ubi</strong></span> <span class='ocrx_word' id='word_1_249' title='bbox 1237 2283 1316 2306; x_wconf 85' lang='lat' dir='ltr'><strong>cum</strong></span> <span class='ocrx_word' id='word_1_250' title='bbox 1353 2272 1544 2318; x_wconf 82' lang='lat' dir='ltr'><strong>Arnulpho</strong></span> <span class='ocrx_word' id='word_1_251' title='bbox 1578 2274 1708 2318; x_wconf 87' lang='lat' dir='ltr'><strong>episco-</strong></span> 
     </span>
     <span class='ocr_line' id='line_1_34' title="bbox 339 2327 1708 2372; baseline 0.003 -11"><span class='ocrx_word' id='word_1_252' title='bbox 339 2339 384 2372; x_wconf 90' lang='lat' dir='ltr'><strong>po</strong></span> <span class='ocrx_word' id='word_1_253' title='bbox 412 2327 686 2361; x_wconf 88' lang='lat' dir='ltr'><strong>familiaritatem</strong></span> <span class='ocrx_word' id='word_1_254' title='bbox 716 2328 910 2362; x_wconf 87' lang='lat' dir='ltr'><strong>contraxit:</strong></span> <span class='ocrx_word' id='word_1_255' title='bbox 952 2328 990 2362; x_wconf 93' lang='lat' dir='ltr'><strong>in</strong></span> <span class='ocrx_word' id='word_1_256' title='bbox 1019 2327 1168 2363; x_wconf 88' lang='lat' dir='ltr'><strong>Terram</strong></span> <span class='ocrx_word' id='word_1_257' title='bbox 1204 2328 1368 2364; x_wconf 86' lang='lat' dir='ltr'><strong>Sanctam</strong></span> <span class='ocrx_word' id='word_1_258' title='bbox 1399 2330 1496 2370; x_wconf 90' lang='lat' dir='ltr'><strong>abiit,</strong></span> <span class='ocrx_word' id='word_1_259' title='bbox 1531 2341 1708 2365; x_wconf 87' lang='lat' dir='ltr'><strong>reversus-</strong></span> 
     </span>
     <span class='ocr_line' id='line_1_35' title="bbox 339 2383 1707 2431; baseline 0.002 -12"><span class='ocrx_word' id='word_1_260' title='bbox 339 2396 406 2430; x_wconf 88' lang='lat' dir='ltr'><strong>que</strong></span> <span class='ocrx_word' id='word_1_261' title='bbox 433 2383 587 2419; x_wconf 84' lang='lat' dir='ltr'><strong>Huensis</strong></span> <span class='ocrx_word' id='word_1_262' title='bbox 612 2384 649 2418; x_wconf 90' lang='lat' dir='ltr'><strong>in</strong></span> <span class='ocrx_word' id='word_1_263' title='bbox 674 2384 806 2430; x_wconf 90' lang='lat' dir='ltr'><strong>Anglia</strong></span> <span class='ocrx_word' id='word_1_264' title='bbox 832 2385 988 2420; x_wconf 88' lang='lat' dir='ltr'><strong>coenobii</strong></span> <span class='ocrx_word' id='word_1_265' title='bbox 1014 2385 1131 2426; x_wconf 85' lang='lat' dir='ltr'><strong>abbas,</strong></span> <span class='ocrx_word' id='word_1_266' title='bbox 1158 2387 1202 2421; x_wconf 92' lang='lat' dir='ltr'><strong>ad</strong></span> <span class='ocrx_word' id='word_1_267' title='bbox 1228 2386 1429 2422; x_wconf 83' lang='lat' dir='ltr'><strong>Aelfridum</strong></span> <span class='ocrx_word' id='word_1_268' title='bbox 1454 2393 1573 2422; x_wconf 88' lang='lat' dir='ltr'><strong>orator</strong></span> <span class='ocrx_word' id='word_1_269' title='bbox 1594 2388 1707 2431; x_wconf 86' lang='lat' dir='ltr'><strong>desig-</strong></span> 
     </span>
    </p>
   </div>
  </div>
 </body>
</html>
