2044 2992
981 335 1020 375 iv

313 447 435 487 minis
455 458 587 485 mores
607 440 929 496 repraesentavit
947 440 1079 480 Janus
1101 438 1246 479 Nicius
1267 436 1536 491 Erythraeus,
1567 437 1688 479 Pina-

316 511 506 550 cothecae
528 507 762 560 lmaginum
783 504 1011 544 illustrium
1032 503 1258 543 Doctrinae
1278 501 1344 541 vel
1365 501 1530 555 Ingenii
1547 501 1692 541 Laude

316 574 509 613 Virorum
535 577 631 611 tom.
653 571 679 610 i.
703 584 741 623 p.
762 573 827 609 24.
885 574 906 592 ‘⁶
926 568 1026 607 Fuit
1046 568 1147 607 haec
1167 580 1328 620 semper
1348 571 1538 605 constans
1560 566 1693 605 omni-

315 651 386 676 um
420 637 505 676 fere
538 634 756 675 hominum
788 632 939 687 opinio,
971 646 1066 671 eum
1099 645 1185 671 esse
1216 630 1269 670 ad
1301 629 1518 669 literarum
1553 629 1692 669 studia

315 700 582 754 aptissimum,
603 698 676 752 qui
697 698 749 737 sit
765 696 1055 751 quietissimus,
1077 701 1119 735 et
1138 696 1189 734 ab
1209 694 1397 734 omnium
1418 693 1694 733 certaminum

316 764 581 803 contentione
601 761 921 806 remotissimus;
952 759 1065 813 quod
1084 758 1301 798 mitissima
1330 757 1549 796 Musarum
1577 757 1692 796 natio

316 842 400 867 non
420 827 571 866 audeat
591 827 643 866 ad
663 840 757 865 eum
779 824 981 871 accedere,
1002 823 1069 863 cui
1084 823 1264 862 immane
1280 836 1326 861 ac
1342 821 1459 861 ferox
1474 820 1692 874 ingenium

317 905 340 930 a
377 897 526 930 natura
564 889 794 942 contigerit.
858 888 948 935 Sed,
983 887 1121 927 nescio
1156 901 1240 939 quo
1278 891 1410 939 pact0,
1441 884 1519 924 hac
1551 890 1693 924 nostra

317 960 461 1002 aetate,
481 953 834 993 mansuetissimae
850 951 946 991 illae
962 965 1129 998 sorores,
1145 964 1306 990 summa
1321 949 1448 989 animi
1464 948 1692 996 voluntate,

317 1017 552 1072 complexae
584 1023 683 1057 sunt
712 1016 919 1056 Thomam
949 1015 1245 1067 Dempsterum
1273 1014 1453 1061 Scotum,
1479 1013 1694 1052 hominem

315 1081 470 1121 factum
491 1081 543 1120 ad
563 1080 671 1121 bella
691 1086 732 1120 et
754 1079 1064 1124 contentiones3
1095 1077 1250 1131 quippe
1280 1077 1353 1130 qui
1379 1076 1526 1117 leviter
1556 1091 1600 1117 re
1628 1076 1695 1117 vel

317 1146 439 1184 verbo
473 1145 695 1192 lacessitus,
728 1143 927 1183 continuo
962 1142 1015 1182 ad
1049 1156 1162 1181 arma
1198 1141 1391 1194 rixasque
1426 1141 1692 1186 decurreret;

317 1208 482 1248 nullum
503 1209 632 1248 ferme
653 1208 774 1255 diem,
795 1221 819 1246 a
844 1206 1220 1247 concertationibus
1252 1219 1440 1252 vacuum,
1469 1205 1693 1258 praeterire

316 1272 500 1318 sinebat3
530 1272 633 1325 quin
664 1270 868 1318 videlicet,
902 1284 996 1309 cum
1032 1269 1173 1322 aliquo
1208 1268 1273 1308 vel
1303 1269 1412 1308 ferro
1442 1269 1694 1316 decerneret,

318 1335 394 1383 vel,
421 1336 453 1375 si
484 1336 640 1376 ferrum
666 1335 805 1374 minus
835 1339 1084 1387 suppeteret,
1111 1332 1262 1386 pugnis
1288 1346 1378 1372 rem
1408 1338 1573 1386 ageret;
1609 1347 1693 1386 quo

318 1399 453 1447 fiebat,
473 1405 522 1439 ut
542 1404 646 1439 esset
667 1398 912 1452 paedagogis
933 1397 1125 1437 omnibus
1152 1395 1435 1436 formidabilis.
1494 1397 1574 1436 Sed
1600 1403 1693 1436 tum

317 1463 360 1502 in
381 1463 524 1516 primis
545 1477 710 1502 saevum
738 1468 780 1502 et
806 1462 1061 1515 impavidum
1093 1474 1215 1499 suum
1244 1460 1431 1500 animum
1461 1460 1693 1509 declaravit,

317 1541 411 1566 cum
433 1541 456 1566 a
472 1526 710 1579 Grangerio,
726 1525 911 1578 Collegio
927 1524 1225 1565 Bellovassensi
1246 1525 1465 1578 praefecto,
1481 1539 1607 1578 quem
1624 1540 1694 1566 ne-

316 1590 428 1643 gotia
462 1590 685 1630 domestica
720 1590 885 1629 Parisiis
914 1588 1123 1629 discedere
1152 1587 1316 1641 alioque
1345 1589 1547 1642 proficisci
1578 1604 1694 1643 coge-

317 1655 429 1702 bant,
449 1654 633 1693 muneris
653 1654 715 1692 sui
737 1653 911 1693 vicarius
927 1652 1178 1692 constitutus
1195 1658 1266 1692 est.
1306 1652 1416 1692 Nam
1432 1652 1695 1702 adolescenti,

316 1718 389 1771 qui
411 1718 566 1757 socium
587 1718 639 1757 ad
659 1716 867 1770 singulare
887 1723 1094 1757 certamen
1115 1722 1415 1770 provocaverat,
1436 1717 1621 1757 demissis
1642 1719 1695 1757 ad

318 1780 445 1821 calces
466 1781 741 1828 femoralibus,
757 1781 999 1834 robustique
1015 1781 1194 1820 hominis
1209 1781 1394 1821 humeris
1411 1781 1530 1830 elato,
1549 1782 1592 1821 in
1609 1797 1695 1822 om-

316 1845 434 1883 nium
455 1850 688 1897 conspectu,
709 1843 862 1883 multas
882 1843 1022 1897 plagas
1043 1845 1265 1898 imposuit;
1296 1859 1422 1898 quam
1450 1844 1521 1885 ille
1549 1852 1695 1886 contu-

316 1907 481 1948 meliam
503 1922 597 1947 cum
618 1907 724 1946 ferre
750 1921 833 1946 non
863 1913 1011 1960 posset,
1039 1922 1084 1947 ac
1114 1915 1332 1962 propterea
1359 1909 1569 1950 vindicare
1599 1925 1695 1951 con-

317 1971 528 2018 stituisset,
549 1971 616 2011 die
637 1971 817 2025 quodam
839 1977 921 2010 tres
948 1971 1055 2011 viros
1086 1972 1255 2020 nobiles,
1283 1979 1478 2026 cognatos
1507 1988 1613 2022 suos,
1643 1989 1694 2014 ex

317 2035 422 2088 regis
462 2035 640 2088 corporis
679 2035 929 2082 custodibus,
964 2035 1007 2074 in
1039 2035 1201 2089 collegii
1236 2037 1356 2076 aedes
1390 2036 1637 2085 introduxit,
1671 2053 1694 2077 a

318 2099 468 2152 quibus
489 2099 710 2152 Dempster
731 2113 825 2138 cum
847 2099 928 2138 vim
953 2099 1028 2138 sibi
1056 2100 1190 2152 parari
1223 2099 1507 2148 intellexisset,
1534 2102 1695 2141 vocavit

318 2162 444 2202 socios
465 2163 516 2202 ad
537 2177 659 2210 arma,
681 2176 906 2216 omnesque
933 2162 1093 2215 collegii
1121 2162 1297 2203 famulos
1323 2164 1448 2217 jussit
1474 2179 1569 2204 cum
1598 2165 1694 2205 telis

320 2239 540 2265 accurrere.
598 2226 678 2265 Sed
707 2232 828 2265 antea
858 2225 1024 2265 illorum
1051 2241 1189 2280 equos,
1218 2241 1315 2280 prae
1340 2228 1496 2268 foribus
1527 2229 1693 2269 aedium

320 2289 493 2336 relictos,
528 2290 828 2329 trucidaverat:
861 2296 904 2329 at
939 2304 1148 2330 servorum
1180 2290 1410 2331 multitudo
1443 2299 1601 2332 armata
1635 2294 1694 2333 ita

321 2352 422 2400 illos,
446 2353 516 2406 qui
545 2354 630 2406 jam
657 2353 740 2393 irae
767 2354 1000 2407 furorisque
1027 2354 1139 2408 pleni
1170 2355 1213 2394 in
1243 2356 1506 2409 peristylium
1536 2357 1694 2411 irrupe-

320 2422 425 2463 rant,
446 2417 727 2465 circumstetit,
744 2417 884 2471 itaque
899 2418 1119 2459 formidine
1136 2419 1367 2474 complevit,
1385 2426 1432 2460 ut
1448 2427 1694 2473 cogerentur
