<?xml version="1.0" encoding="UTF-8"?>
<!DOCTYPE html PUBLIC "-//W3C//DTD XHTML 1.0 Transitional//EN"
    "http://www.w3.org/TR/xhtml1/DTD/xhtml1-transitional.dtd">
<html xmlns="http://www.w3.org/1999/xhtml" xml:lang="en" lang="en">
 <head>
  <title>
</title>
<meta http-equiv="Content-Type" content="text/html;charset=utf-8" />
  <meta name='ocr-system' content='tesseract 3.04.00' />
  <meta name='ocr-capabilities' content='ocr_page ocr_carea ocr_par ocr_line ocrx_word'/>
</head>
<body>
  <div class='ocr_page' id='page_1' title='image "./thomaedempste2101dempuoft_0236.png"; bbox 0 0 2032 2912; ppageno 0'>
   <div class='ocr_carea' id='block_1_1' title="bbox 338 302 1350 337">
    <p class='ocr_par' dir='ltr' id='par_1_1' title="bbox 338 302 1350 337">
     <span class='ocr_line' id='line_1_1' title="bbox 338 302 1350 337; baseline 0 -2"><span class='ocrx_word' id='word_1_1' title='bbox 338 306 399 337; x_wconf 73' lang='lat'>174</span> <span class='ocrx_word' id='word_1_2' title='bbox 720 302 952 335; x_wconf 86' lang='lat' dir='ltr'>HISTORIA</span> <span class='ocrx_word' id='word_1_3' title='bbox 976 302 1350 336; x_wconf 89' lang='lat' dir='ltr'>ECCLESIASTICA</span> 
     </span>
    </p>
   </div>
   <div class='ocr_carea' id='block_1_2' title="bbox 678 395 1259 434">
    <p class='ocr_par' dir='ltr' id='par_1_2' title="bbox 678 395 1259 434">
     <span class='ocr_line' id='line_1_2' title="bbox 678 395 1259 434; baseline -0.002 -11"><span class='ocrx_word' id='word_1_4' title='bbox 678 395 718 423; x_wconf 92' lang='lat' dir='ltr'>Et</span> <span class='ocrx_word' id='word_1_5' title='bbox 733 405 847 434; x_wconf 87' lang='lat' dir='ltr'><strong>semper</strong></span> <span class='ocrx_word' id='word_1_6' title='bbox 861 395 938 425; x_wconf 86' lang='lat' dir='ltr'>natis</span> <span class='ocrx_word' id='word_1_7' title='bbox 952 395 1078 434; x_wconf 85' lang='lat' dir='ltr'>gaudeat</span> <span class='ocrx_word' id='word_1_8' title='bbox 1092 395 1143 424; x_wconf 89' lang='lat' dir='ltr'>illa</span> <span class='ocrx_word' id='word_1_9' title='bbox 1158 395 1259 425; x_wconf 90' lang='lat' dir='ltr'>tribus.</span> 
     </span>
    </p>
   </div>
   <div class='ocr_carea' id='block_1_3' title="bbox 336 507 1738 1194">
    <p class='ocr_par' dir='ltr' id='par_1_3' title="bbox 336 507 1736 834">
     <span class='ocr_line' id='line_1_3' title="bbox 388 507 1734 554; baseline 0.001 -9"><span class='ocrx_word' id='word_1_10' title='bbox 388 512 539 545; x_wconf 88' lang='lat' dir='ltr'>Balaeus</span> <span class='ocrx_word' id='word_1_11' title='bbox 570 512 733 553; x_wconf 88' lang='lat' dir='ltr'>apostata</span> <span class='ocrx_word' id='word_1_12' title='bbox 760 507 918 554; x_wconf 89' lang='lat' dir='ltr'>Anglam</span> <span class='ocrx_word' id='word_1_13' title='bbox 947 508 1033 542; x_wconf 88' lang='lat' dir='ltr'>facit</span> <span class='ocrx_word' id='word_1_14' title='bbox 1061 509 1289 554; x_wconf 85' lang='lat' dir='ltr'>impudenter</span> <span class='ocrx_word' id='word_1_15' title='bbox 1317 514 1353 544; x_wconf 87' lang='lat' dir='ltr'>et</span> <span class='ocrx_word' id='word_1_16' title='bbox 1381 511 1532 551; x_wconf 87' lang='lat' dir='ltr'>indocte,</span> <span class='ocrx_word' id='word_1_17' title='bbox 1564 516 1605 545; x_wconf 89' lang='lat' dir='ltr'>ut</span> <span class='ocrx_word' id='word_1_18' title='bbox 1631 513 1734 552; x_wconf 87' lang='lat' dir='ltr'>solet,</span> 
     </span>
     <span class='ocr_line' id='line_1_4' title="bbox 337 566 1735 614; baseline 0 -11"><span class='ocrx_word' id='word_1_19' title='bbox 337 580 416 603; x_wconf 87' lang='lat' dir='ltr'>cum</span> <span class='ocrx_word' id='word_1_20' title='bbox 431 579 556 602; x_wconf 88' lang='lat' dir='ltr'>revera</span> <span class='ocrx_word' id='word_1_21' title='bbox 569 567 674 601; x_wconf 88' lang='lat' dir='ltr'>Scota</span> <span class='ocrx_word' id='word_1_22' title='bbox 687 566 808 601; x_wconf 88' lang='lat' dir='ltr'>fuerit.</span> <span class='ocrx_word' id='word_1_23' title='bbox 828 566 958 601; x_wconf 86' lang='lat' dir='ltr'>Petrus</span> <span class='ocrx_word' id='word_1_24' title='bbox 973 567 1227 601; x_wconf 88' lang='lat' dir='ltr'>Bandozianus</span> <span class='ocrx_word' id='word_1_25' title='bbox 1242 566 1383 602; x_wconf 88' lang='lat' dir='ltr'>Cestius</span> <span class='ocrx_word' id='word_1_26' title='bbox 1402 568 1439 602; x_wconf 92' lang='lat' dir='ltr'>in</span> <span class='ocrx_word' id='word_1_27' title='bbox 1459 568 1652 614; x_wconf 87' lang='lat' dir='ltr'>Synoptica</span> <span class='ocrx_word' id='word_1_28' title='bbox 1667 570 1735 603; x_wconf 87' lang='lat' dir='ltr'>Or-</span> 
     </span>
     <span class='ocr_line' id='line_1_5' title="bbox 338 621 1735 670; baseline 0 -9"><span class='ocrx_word' id='word_1_29' title='bbox 338 628 391 661; x_wconf 87' lang='lat' dir='ltr'>bis</span> <span class='ocrx_word' id='word_1_30' title='bbox 411 626 606 661; x_wconf 82' lang='lat' dir='ltr'>Terrarum</span> <span class='ocrx_word' id='word_1_31' title='bbox 625 624 794 670; x_wconf 87' lang='lat' dir='ltr'>Epitome</span> <span class='ocrx_word' id='word_1_32' title='bbox 816 636 897 670; x_wconf 85' lang='lat' dir='ltr'>pag.</span> <span class='ocrx_word' id='word_1_33' title='bbox 918 634 1097 659; x_wconf 79' lang='lat' dir='ltr'>CXXXIX.</span> <span class='ocrx_word' id='word_1_34' title='bbox 1128 621 1323 659; x_wconf 75' lang='lat' dir='ltr'><em>Caeruleos</em></span> <span class='ocrx_word' id='word_1_35' title='bbox 1339 624 1546 661; x_wconf 78' lang='lat' dir='ltr'><em>Britannos</em></span> <span class='ocrx_word' id='word_1_36' title='bbox 1570 628 1607 661; x_wconf 88' lang='lat' dir='ltr'>in</span> <span class='ocrx_word' id='word_1_37' title='bbox 1629 638 1735 662; x_wconf 88' lang='lat' dir='ltr'>versu</span> 
     </span>
     <span class='ocr_line' id='line_1_6' title="bbox 338 680 1733 728; baseline 0.001 -10"><span class='ocrx_word' id='word_1_38' title='bbox 338 684 517 719; x_wconf 84' lang='lat' dir='ltr'><strong>Martialis</strong></span> <span class='ocrx_word' id='word_1_39' title='bbox 535 684 680 717; x_wconf 89' lang='lat' dir='ltr'>laudato</span> <span class='ocrx_word' id='word_1_40' title='bbox 698 683 956 727; x_wconf 86' lang='lat' dir='ltr'>interpretatur</span> <span class='ocrx_word' id='word_1_41' title='bbox 969 680 1102 722; x_wconf 75' lang='lat' dir='ltr'>Scotos,</span> <span class='ocrx_word' id='word_1_42' title='bbox 1117 693 1197 716; x_wconf 90' lang='lat' dir='ltr'>cum</span> <span class='ocrx_word' id='word_1_43' title='bbox 1212 693 1315 728; x_wconf 85' lang='lat' dir='ltr'>saepe</span> <span class='ocrx_word' id='word_1_44' title='bbox 1330 695 1461 718; x_wconf 91' lang='lat' dir='ltr'>nomen</span> <span class='ocrx_word' id='word_1_45' title='bbox 1475 685 1733 720; x_wconf 85' lang='lat' dir='ltr'>Britannorum</span> 
     </span>
     <span class='ocr_line' id='line_1_7' title="bbox 337 739 1736 787; baseline 0.001 -11"><span class='ocrx_word' id='word_1_46' title='bbox 337 743 519 776; x_wconf 90' lang='lat' dir='ltr'>diversum</span> <span class='ocrx_word' id='word_1_47' title='bbox 537 741 585 775; x_wconf 87' lang='lat' dir='ltr'>sit</span> <span class='ocrx_word' id='word_1_48' title='bbox 602 741 647 775; x_wconf 88' lang='lat' dir='ltr'>ab</span> <span class='ocrx_word' id='word_1_49' title='bbox 664 740 806 787; x_wconf 88' lang='lat' dir='ltr'>Anglis,</span> <span class='ocrx_word' id='word_1_50' title='bbox 824 745 867 774; x_wconf 91' lang='lat' dir='ltr'>ut</span> <span class='ocrx_word' id='word_1_51' title='bbox 884 741 923 774; x_wconf 91' lang='lat' dir='ltr'>in</span> <span class='ocrx_word' id='word_1_52' title='bbox 941 741 1035 775; x_wconf 88' lang='lat' dir='ltr'>notis</span> <span class='ocrx_word' id='word_1_53' title='bbox 1053 741 1098 774; x_wconf 87' lang='lat' dir='ltr'>ad</span> <span class='ocrx_word' id='word_1_54' title='bbox 1114 739 1316 775; x_wconf 83' lang='lat' dir='ltr'>Historiam</span> <span class='ocrx_word' id='word_1_55' title='bbox 1335 741 1428 776; x_wconf 92' lang='lat' dir='ltr'>Belli</span> <span class='ocrx_word' id='word_1_56' title='bbox 1446 743 1537 777; x_wconf 88' lang='lat' dir='ltr'>sacri</span> <span class='ocrx_word' id='word_1_57' title='bbox 1551 742 1736 777; x_wconf 86' lang='lat' dir='ltr'>Benedicti</span> 
     </span>
     <span class='ocr_line' id='line_1_8' title="bbox 336 799 610 834; baseline -0.007 0"><span class='ocrx_word' id='word_1_58' title='bbox 336 800 476 834; x_wconf 88' lang='lat' dir='ltr'>Accolti</span> <span class='ocrx_word' id='word_1_59' title='bbox 495 799 610 833; x_wconf 89' lang='lat' dir='ltr'>docui.</span> 
     </span>
    </p>

    <p class='ocr_par' dir='ltr' id='par_1_4' title="bbox 337 855 1738 1194">
     <span class='ocr_line' id='line_1_9' title="bbox 390 855 1736 901; baseline 0.001 -10"><span class='ocrx_word' id='word_1_60' title='bbox 390 857 494 891; x_wconf 87' lang='lat' dir='ltr'>Hanc</span> <span class='ocrx_word' id='word_1_61' title='bbox 512 856 645 891; x_wconf 86' lang='lat' dir='ltr'>Graece</span> <span class='ocrx_word' id='word_1_62' title='bbox 663 856 863 901; x_wconf 84' lang='lat' dir='ltr'>Latineque</span> <span class='ocrx_word' id='word_1_63' title='bbox 881 856 1123 890; x_wconf 86' lang='lat' dir='ltr'>doctissimam</span> <span class='ocrx_word' id='word_1_64' title='bbox 1149 855 1196 889; x_wconf 90' lang='lat' dir='ltr'>A.</span> <span class='ocrx_word' id='word_1_65' title='bbox 1222 855 1343 890; x_wconf 86' lang='lat' dir='ltr'>Rufus</span> <span class='ocrx_word' id='word_1_66' title='bbox 1367 856 1524 897; x_wconf 87' lang='lat' dir='ltr'>Pudens,</span> <span class='ocrx_word' id='word_1_67' title='bbox 1549 869 1630 891; x_wconf 89' lang='lat' dir='ltr'>cum</span> <span class='ocrx_word' id='word_1_68' title='bbox 1654 860 1736 892; x_wconf 82' lang='lat' dir='ltr'>exul</span> 
     </span>
     <span class='ocr_line' id='line_1_10' title="bbox 338 914 1738 959; baseline 0 -9"><span class='ocrx_word' id='word_1_69' title='bbox 338 918 376 950; x_wconf 89' lang='lat' dir='ltr'>in</span> <span class='ocrx_word' id='word_1_70' title='bbox 406 916 524 950; x_wconf 91' lang='lat' dir='ltr'>Scotia</span> <span class='ocrx_word' id='word_1_71' title='bbox 553 919 656 954; x_wconf 88' lang='lat' dir='ltr'>esset,</span> <span class='ocrx_word' id='word_1_72' title='bbox 684 918 727 948; x_wconf 89' lang='lat' dir='ltr'>ut</span> <span class='ocrx_word' id='word_1_73' title='bbox 757 918 883 948; x_wconf 90' lang='lat' dir='ltr'>notum</span> <span class='ocrx_word' id='word_1_74' title='bbox 908 914 1122 959; x_wconf 84' lang='lat' dir='ltr'>longinquas</span> <span class='ocrx_word' id='word_1_75' title='bbox 1146 914 1313 959; x_wconf 86' lang='lat' dir='ltr'>relegatis</span> <span class='ocrx_word' id='word_1_76' title='bbox 1338 915 1510 957; x_wconf 83' lang='lat' dir='ltr'>proscribi</span> <span class='ocrx_word' id='word_1_77' title='bbox 1537 916 1660 950; x_wconf 90' lang='lat' dir='ltr'>solitas</span> <span class='ocrx_word' id='word_1_78' title='bbox 1684 927 1738 950; x_wconf 88' lang='lat' dir='ltr'>re-</span> 
     </span>
     <span class='ocr_line' id='line_1_11' title="bbox 338 971 1737 1022; baseline 0 -14"><span class='ocrx_word' id='word_1_79' title='bbox 338 975 474 1020; x_wconf 88' lang='lat' dir='ltr'>giones,</span> <span class='ocrx_word' id='word_1_80' title='bbox 492 974 530 1006; x_wconf 91' lang='lat' dir='ltr'>in</span> <span class='ocrx_word' id='word_1_81' title='bbox 546 983 695 1007; x_wconf 84' lang='lat' dir='ltr'>uxorem</span> <span class='ocrx_word' id='word_1_82' title='bbox 715 972 840 1006; x_wconf 84' lang='lat' dir='ltr'>duxit:</span> <span class='ocrx_word' id='word_1_83' title='bbox 865 983 972 1005; x_wconf 86' lang='lat' dir='ltr'>causa</span> <span class='ocrx_word' id='word_1_84' title='bbox 995 976 1089 1005; x_wconf 91' lang='lat' dir='ltr'>certe</span> <span class='ocrx_word' id='word_1_85' title='bbox 1113 972 1223 1011; x_wconf 83' lang='lat' dir='ltr'>exilii,</span> <span class='ocrx_word' id='word_1_86' title='bbox 1248 971 1474 1022; x_wconf 74' lang='lat' dir='ltr'>Christianae</span> <span class='ocrx_word' id='word_1_87' title='bbox 1493 973 1639 1017; x_wconf 84' lang='lat' dir='ltr'>pietatis</span> <span class='ocrx_word' id='word_1_88' title='bbox 1657 985 1737 1018; x_wconf 92' lang='lat' dir='ltr'>pro-</span> 
     </span>
     <span class='ocr_line' id='line_1_12' title="bbox 337 1029 1735 1075; baseline -0.001 -9"><span class='ocrx_word' id='word_1_89' title='bbox 337 1032 467 1072; x_wconf 86' lang='lat' dir='ltr'>fessio;</span> <span class='ocrx_word' id='word_1_90' title='bbox 507 1041 591 1065; x_wconf 91' lang='lat' dir='ltr'>nam</span> <span class='ocrx_word' id='word_1_91' title='bbox 621 1031 854 1075; x_wconf 88' lang='lat' dir='ltr'>imperatores</span> <span class='ocrx_word' id='word_1_92' title='bbox 888 1029 1021 1063; x_wconf 85' lang='lat' dir='ltr'>ethnici</span> <span class='ocrx_word' id='word_1_93' title='bbox 1057 1030 1096 1063; x_wconf 91' lang='lat' dir='ltr'>in</span> <span class='ocrx_word' id='word_1_94' title='bbox 1131 1030 1338 1075; x_wconf 89' lang='lat' dir='ltr'>longinquis</span> <span class='ocrx_word' id='word_1_95' title='bbox 1373 1030 1578 1074; x_wconf 88' lang='lat' dir='ltr'>provinciis,</span> <span class='ocrx_word' id='word_1_96' title='bbox 1611 1033 1735 1075; x_wconf 89' lang='lat' dir='ltr'>procul</span> 
     </span>
     <span class='ocr_line' id='line_1_13' title="bbox 338 1087 1734 1132; baseline -0.001 -7"><span class='ocrx_word' id='word_1_97' title='bbox 338 1091 455 1125; x_wconf 90' lang='lat' dir='ltr'>Roma</span> <span class='ocrx_word' id='word_1_98' title='bbox 470 1088 695 1124; x_wconf 87' lang='lat' dir='ltr'>Christianos</span> <span class='ocrx_word' id='word_1_99' title='bbox 707 1088 869 1123; x_wconf 88' lang='lat' dir='ltr'>habitare</span> <span class='ocrx_word' id='word_1_100' title='bbox 882 1087 1150 1131; x_wconf 87' lang='lat' dir='ltr'>permittebant.</span> <span class='ocrx_word' id='word_1_101' title='bbox 1179 1087 1338 1121; x_wconf 84' lang='lat' dir='ltr'>Cassiod.</span> <span class='ocrx_word' id='word_1_102' title='bbox 1351 1088 1412 1122; x_wconf 87' lang='lat' dir='ltr'>lib.</span> <span class='ocrx_word' id='word_1_103' title='bbox 1426 1097 1452 1122; x_wconf 91' lang='lat'>1.</span> <span class='ocrx_word' id='word_1_104' title='bbox 1465 1087 1625 1132; x_wconf 86' lang='lat' dir='ltr'>Tripart.</span> <span class='ocrx_word' id='word_1_105' title='bbox 1638 1088 1734 1123; x_wconf 85' lang='lat' dir='ltr'>Hist.</span> 
     </span>
     <span class='ocr_line' id='line_1_14' title="bbox 338 1144 1735 1194; baseline -0.002 -11"><span class='ocrx_word' id='word_1_106' title='bbox 338 1160 414 1194; x_wconf 85' lang='lat' dir='ltr'>cap.</span> <span class='ocrx_word' id='word_1_107' title='bbox 433 1157 504 1182; x_wconf 82' lang='lat' dir='ltr'>vn.</span> <span class='ocrx_word' id='word_1_108' title='bbox 546 1146 604 1181; x_wconf 90' lang='lat' dir='ltr'>Ita</span> <span class='ocrx_word' id='word_1_109' title='bbox 621 1147 825 1193; x_wconf 89' lang='lat' dir='ltr'>ablegatum</span> <span class='ocrx_word' id='word_1_110' title='bbox 844 1145 1045 1179; x_wconf 87' lang='lat' dir='ltr'>Pudentem</span> <span class='ocrx_word' id='word_1_111' title='bbox 1063 1146 1258 1190; x_wconf 85' lang='lat' dir='ltr'>alloquitur</span> <span class='ocrx_word' id='word_1_112' title='bbox 1272 1144 1383 1180; x_wconf 86' lang='lat' dir='ltr'>Mart.</span> <span class='ocrx_word' id='word_1_113' title='bbox 1398 1145 1459 1180; x_wconf 92' lang='lat' dir='ltr'>lib.</span> <span class='ocrx_word' id='word_1_114' title='bbox 1476 1154 1530 1179; x_wconf 77' lang='lat' dir='ltr'>vx.</span> <span class='ocrx_word' id='word_1_115' title='bbox 1547 1157 1601 1191; x_wconf 91' lang='lat' dir='ltr'>ep.</span> <span class='ocrx_word' id='word_1_116' title='bbox 1619 1155 1735 1180; x_wconf 80' lang='lat' dir='ltr'>LVIII.</span> 
     </span>
    </p>
   </div>
   <div class='ocr_carea' id='block_1_4' title="bbox 639 1225 1425 1694">
    <p class='ocr_par' dir='ltr' id='par_1_5' title="bbox 639 1225 1419 1313">
     <span class='ocr_line' id='line_1_15' title="bbox 639 1225 1419 1264; baseline -0.001 -8"><span class='ocrx_word' id='word_1_117' title='bbox 639 1228 764 1257; x_wconf 85' lang='lat' dir='ltr'>Cernere</span> <span class='ocrx_word' id='word_1_118' title='bbox 780 1227 944 1256; x_wconf 84' lang='lat' dir='ltr'>Parrhasios</span> <span class='ocrx_word' id='word_1_119' title='bbox 958 1226 1028 1254; x_wconf 91' lang='lat' dir='ltr'>dum</span> <span class='ocrx_word' id='word_1_120' title='bbox 1042 1231 1072 1255; x_wconf 89' lang='lat' dir='ltr'>te</span> <span class='ocrx_word' id='word_1_121' title='bbox 1082 1226 1177 1264; x_wconf 88' lang='lat' dir='ltr'>juvat,</span> <span class='ocrx_word' id='word_1_122' title='bbox 1193 1225 1281 1259; x_wconf 90' lang='lat' dir='ltr'>Aule,</span> <span class='ocrx_word' id='word_1_123' title='bbox 1297 1225 1419 1255; x_wconf 88' lang='lat' dir='ltr'>Triones</span> 
     </span>
     <span class='ocr_line' id='line_1_16' title="bbox 678 1273 1323 1313; baseline -0.003 -10"><span class='ocrx_word' id='word_1_124' title='bbox 678 1275 854 1308; x_wconf 84' lang='lat' dir='ltr'>Comminus,</span> <span class='ocrx_word' id='word_1_125' title='bbox 870 1279 899 1303; x_wconf 88' lang='lat' dir='ltr'>et</span> <span class='ocrx_word' id='word_1_126' title='bbox 916 1274 1043 1313; x_wconf 87' lang='lat' dir='ltr'>Scythici</span> <span class='ocrx_word' id='word_1_127' title='bbox 1059 1273 1152 1302; x_wconf 87' lang='lat' dir='ltr'>sidera</span> <span class='ocrx_word' id='word_1_128' title='bbox 1166 1273 1242 1302; x_wconf 89' lang='lat' dir='ltr'>ferre</span> <span class='ocrx_word' id='word_1_129' title='bbox 1255 1273 1323 1312; x_wconf 82' lang='lat' dir='ltr'>poli,</span> 
     </span>
    </p>

    <p class='ocr_par' dir='ltr' id='par_1_6' title="bbox 640 1320 1425 1410">
     <span class='ocr_line' id='line_1_17' title="bbox 640 1320 1425 1361; baseline -0.003 -10"><span class='ocrx_word' id='word_1_130' title='bbox 640 1323 667 1351; x_wconf 94' lang='lat' dir='ltr'>O</span> <span class='ocrx_word' id='word_1_131' title='bbox 679 1324 685 1351; x_wconf 78' lang='grc' dir='ltr'>ἔ</span> <span class='ocrx_word' id='word_1_132' title='bbox 712 1333 798 1361; x_wconf 85' lang='lat' dir='ltr'>quam</span> <span class='ocrx_word' id='word_1_133' title='bbox 812 1332 887 1361; x_wconf 89' lang='lat' dir='ltr'>pene</span> <span class='ocrx_word' id='word_1_134' title='bbox 901 1322 956 1350; x_wconf 91' lang='lat' dir='ltr'>tibi</span> <span class='ocrx_word' id='word_1_135' title='bbox 972 1322 1088 1360; x_wconf 83' lang='lat' dir='ltr'>Stygias</span> <span class='ocrx_word' id='word_1_136' title='bbox 1102 1331 1155 1359; x_wconf 84' lang='lat' dir='ltr'>ego</span> <span class='ocrx_word' id='word_1_137' title='bbox 1168 1325 1268 1360; x_wconf 87' lang='lat' dir='ltr'>raptus</span> <span class='ocrx_word' id='word_1_138' title='bbox 1282 1320 1319 1349; x_wconf 90' lang='lat' dir='ltr'>ad</span> <span class='ocrx_word' id='word_1_139' title='bbox 1333 1320 1425 1349; x_wconf 84' lang='lat' dir='ltr'>undas</span> 
     </span>
     <span class='ocr_line' id='line_1_18' title="bbox 683 1369 1215 1410; baseline -0.002 -12"><span class='ocrx_word' id='word_1_140' title='bbox 683 1371 799 1410; x_wconf 85' lang='lat' dir='ltr'>Elysiae</span> <span class='ocrx_word' id='word_1_141' title='bbox 814 1370 874 1398; x_wconf 87' lang='lat' dir='ltr'>vidi</span> <span class='ocrx_word' id='word_1_142' title='bbox 888 1369 989 1398; x_wconf 88' lang='lat' dir='ltr'>nubila</span> <span class='ocrx_word' id='word_1_143' title='bbox 1002 1370 1083 1398; x_wconf 83' lang='lat' dir='ltr'>fusca</span> <span class='ocrx_word' id='word_1_144' title='bbox 1096 1369 1197 1407; x_wconf 84' lang='lat' dir='ltr'>plagae</span> <span class='ocrx_word' id='word_1_145' title='bbox 1208 1370 1215 1397; x_wconf 87' lang='lat'>!</span> 
     </span>
    </p>

    <p class='ocr_par' dir='ltr' id='par_1_7' title="bbox 640 1416 1385 1504">
     <span class='ocr_line' id='line_1_19' title="bbox 640 1416 1385 1456; baseline -0.004 -9"><span class='ocrx_word' id='word_1_146' title='bbox 640 1418 781 1453; x_wconf 83' lang='lat' dir='ltr'>Quamvis</span> <span class='ocrx_word' id='word_1_147' title='bbox 795 1418 868 1446; x_wconf 87' lang='lat' dir='ltr'>lassa</span> <span class='ocrx_word' id='word_1_148' title='bbox 883 1423 947 1446; x_wconf 87' lang='lat' dir='ltr'>tuos</span> <span class='ocrx_word' id='word_1_149' title='bbox 961 1417 1137 1456; x_wconf 85' lang='lat' dir='ltr'>quaerebant</span> <span class='ocrx_word' id='word_1_150' title='bbox 1151 1416 1262 1445; x_wconf 90' lang='lat' dir='ltr'>lumina</span> <span class='ocrx_word' id='word_1_151' title='bbox 1276 1416 1385 1449; x_wconf 87' lang='lat' dir='ltr'>vultus,</span> 
     </span>
     <span class='ocr_line' id='line_1_20' title="bbox 679 1463 1366 1504; baseline -0.004 -10"><span class='ocrx_word' id='word_1_152' title='bbox 679 1466 779 1504; x_wconf 88' lang='lat' dir='ltr'>Atque</span> <span class='ocrx_word' id='word_1_153' title='bbox 792 1470 853 1494; x_wconf 84' lang='lat' dir='ltr'>erat</span> <span class='ocrx_word' id='word_1_154' title='bbox 867 1465 899 1493; x_wconf 89' lang='lat' dir='ltr'>in</span> <span class='ocrx_word' id='word_1_155' title='bbox 912 1465 1007 1503; x_wconf 88' lang='lat' dir='ltr'>gelido</span> <span class='ocrx_word' id='word_1_156' title='bbox 1021 1464 1165 1503; x_wconf 89' lang='lat' dir='ltr'>plurimus</span> <span class='ocrx_word' id='word_1_157' title='bbox 1178 1474 1226 1492; x_wconf 90' lang='lat' dir='ltr'>ore</span> <span class='ocrx_word' id='word_1_158' title='bbox 1242 1463 1366 1492; x_wconf 89' lang='lat' dir='ltr'>Pudens.</span> 
     </span>
    </p>

    <p class='ocr_par' dir='ltr' id='par_1_8' title="bbox 640 1511 1344 1595">
     <span class='ocr_line' id='line_1_21' title="bbox 640 1511 1315 1550; baseline -0.003 -9"><span class='ocrx_word' id='word_1_159' title='bbox 640 1513 672 1542; x_wconf 85' lang='lat' dir='ltr'>Si</span> <span class='ocrx_word' id='word_1_160' title='bbox 686 1513 757 1541; x_wconf 87' lang='lat' dir='ltr'>mihi</span> <span class='ocrx_word' id='word_1_161' title='bbox 771 1513 902 1542; x_wconf 87' lang='lat' dir='ltr'>lanificae</span> <span class='ocrx_word' id='word_1_162' title='bbox 916 1512 1027 1540; x_wconf 86' lang='lat' dir='ltr'>ducunt</span> <span class='ocrx_word' id='word_1_163' title='bbox 1041 1522 1098 1540; x_wconf 89' lang='lat' dir='ltr'>non</span> <span class='ocrx_word' id='word_1_164' title='bbox 1113 1511 1193 1550; x_wconf 88' lang='lat' dir='ltr'>pulla</span> <span class='ocrx_word' id='word_1_165' title='bbox 1207 1521 1315 1540; x_wconf 88' lang='lat' dir='ltr'>sorores</span> 
     </span>
     <span class='ocr_line' id='line_1_22' title="bbox 679 1559 1344 1595; baseline 0 -7"><span class='ocrx_word' id='word_1_166' title='bbox 679 1560 820 1595; x_wconf 86' lang='lat' dir='ltr'>Stamina,</span> <span class='ocrx_word' id='word_1_167' title='bbox 835 1570 889 1589; x_wconf 89' lang='lat' dir='ltr'>nec</span> <span class='ocrx_word' id='word_1_168' title='bbox 903 1559 1003 1589; x_wconf 86' lang='lat' dir='ltr'>surdos</span> <span class='ocrx_word' id='word_1_169' title='bbox 1016 1569 1071 1588; x_wconf 92' lang='lat' dir='ltr'>vox</span> <span class='ocrx_word' id='word_1_170' title='bbox 1082 1559 1170 1587; x_wconf 88' lang='lat' dir='ltr'>habet</span> <span class='ocrx_word' id='word_1_171' title='bbox 1185 1559 1241 1587; x_wconf 86' lang='lat' dir='ltr'>ista</span> <span class='ocrx_word' id='word_1_172' title='bbox 1255 1559 1344 1592; x_wconf 80' lang='lat' dir='ltr'>Deos,</span> 
     </span>
    </p>

    <p class='ocr_par' dir='ltr' id='par_1_9' title="bbox 640 1606 1353 1694">
     <span class='ocr_line' id='line_1_23' title="bbox 640 1606 1353 1647; baseline -0.004 -10"><span class='ocrx_word' id='word_1_173' title='bbox 640 1609 754 1647; x_wconf 84' lang='lat' dir='ltr'>Sospite</span> <span class='ocrx_word' id='word_1_174' title='bbox 767 1618 814 1637; x_wconf 90' lang='lat' dir='ltr'>me</span> <span class='ocrx_word' id='word_1_175' title='bbox 828 1618 923 1647; x_wconf 87' lang='lat' dir='ltr'>sospes</span> <span class='ocrx_word' id='word_1_176' title='bbox 937 1607 1037 1636; x_wconf 83' lang='lat' dir='ltr'>Latias</span> <span class='ocrx_word' id='word_1_177' title='bbox 1050 1606 1195 1635; x_wconf 85' lang='lat' dir='ltr'>reveheris</span> <span class='ocrx_word' id='word_1_178' title='bbox 1209 1606 1246 1635; x_wconf 84' lang='lat' dir='ltr'>ad</span> <span class='ocrx_word' id='word_1_179' title='bbox 1259 1607 1353 1641; x_wconf 86' lang='lat' dir='ltr'>urbes,</span> 
     </span>
     <span class='ocr_line' id='line_1_24' title="bbox 679 1654 1263 1694; baseline -0.003 -10"><span class='ocrx_word' id='word_1_180' title='bbox 679 1656 719 1684; x_wconf 83' lang='lat' dir='ltr'>Et</span> <span class='ocrx_word' id='word_1_181' title='bbox 732 1656 839 1684; x_wconf 85' lang='lat' dir='ltr'>referes</span> <span class='ocrx_word' id='word_1_182' title='bbox 852 1655 905 1694; x_wconf 89' lang='lat' dir='ltr'>pili</span> <span class='ocrx_word' id='word_1_183' title='bbox 918 1655 1045 1693; x_wconf 86' lang='lat' dir='ltr'>praemia</span> <span class='ocrx_word' id='word_1_184' title='bbox 1059 1654 1153 1683; x_wconf 86' lang='lat' dir='ltr'>clarus</span> <span class='ocrx_word' id='word_1_185' title='bbox 1167 1664 1263 1692; x_wconf 86' lang='lat' dir='ltr'>eques.</span> 
     </span>
    </p>
   </div>
   <div class='ocr_carea' id='block_1_5' title="bbox 337 1728 1737 1951">
    <p class='ocr_par' dir='ltr' id='par_1_10' title="bbox 337 1728 1737 1951">
     <span class='ocr_line' id='line_1_25' title="bbox 338 1728 1736 1776; baseline -0.001 -9"><span class='ocrx_word' id='word_1_186' title='bbox 338 1734 409 1773; x_wconf 81' lang='lat' dir='ltr'>Qui</span> <span class='ocrx_word' id='word_1_187' title='bbox 436 1734 532 1766; x_wconf 92' lang='lat' dir='ltr'>locus</span> <span class='ocrx_word' id='word_1_188' title='bbox 560 1731 657 1766; x_wconf 80' lang='lat' dir='ltr'>exilii</span> <span class='ocrx_word' id='word_1_189' title='bbox 685 1730 860 1765; x_wconf 85' lang='lat' dir='ltr'>Pudentis</span> <span class='ocrx_word' id='word_1_190' title='bbox 886 1730 955 1764; x_wconf 90' lang='lat' dir='ltr'>dici</span> <span class='ocrx_word' id='word_1_191' title='bbox 981 1728 1117 1776; x_wconf 88' lang='lat' dir='ltr'>Anglia</span> <span class='ocrx_word' id='word_1_192' title='bbox 1144 1740 1215 1763; x_wconf 91' lang='lat' dir='ltr'>non</span> <span class='ocrx_word' id='word_1_193' title='bbox 1242 1734 1370 1774; x_wconf 86' lang='lat' dir='ltr'>potest,</span> <span class='ocrx_word' id='word_1_194' title='bbox 1397 1729 1459 1763; x_wconf 91' lang='lat' dir='ltr'>ubi</span> <span class='ocrx_word' id='word_1_195' title='bbox 1485 1741 1574 1764; x_wconf 89' lang='lat' dir='ltr'>aura</span> <span class='ocrx_word' id='word_1_196' title='bbox 1604 1735 1736 1776; x_wconf 86' lang='lat' dir='ltr'>tempe-</span> 
     </span>
     <span class='ocr_line' id='line_1_26' title="bbox 339 1787 1737 1837; baseline -0.001 -12"><span class='ocrx_word' id='word_1_197' title='bbox 339 1792 460 1831; x_wconf 83' lang='lat' dir='ltr'>ratior,</span> <span class='ocrx_word' id='word_1_198' title='bbox 480 1795 515 1825; x_wconf 90' lang='lat' dir='ltr'>et</span> <span class='ocrx_word' id='word_1_199' title='bbox 533 1791 668 1824; x_wconf 88' lang='lat' dir='ltr'>coelum</span> <span class='ocrx_word' id='word_1_200' title='bbox 694 1789 913 1829; x_wconf 88' lang='lat' dir='ltr'>clementius,</span> <span class='ocrx_word' id='word_1_201' title='bbox 938 1788 999 1837; x_wconf 78' lang='lat' dir='ltr'>sed</span> <span class='ocrx_word' id='word_1_202' title='bbox 1024 1787 1154 1827; x_wconf 85' lang='lat' dir='ltr'>Scotia,</span> <span class='ocrx_word' id='word_1_203' title='bbox 1182 1788 1284 1834; x_wconf 89' lang='lat' dir='ltr'>cujus</span> <span class='ocrx_word' id='word_1_204' title='bbox 1311 1788 1431 1823; x_wconf 92' lang='lat' dir='ltr'>ultimi</span> <span class='ocrx_word' id='word_1_205' title='bbox 1450 1792 1586 1823; x_wconf 87' lang='lat' dir='ltr'>tractus</span> <span class='ocrx_word' id='word_1_206' title='bbox 1603 1789 1737 1835; x_wconf 87' lang='lat' dir='ltr'>frigore</span> 
     </span>
     <span class='ocr_line' id='line_1_27' title="bbox 337 1843 1736 1892; baseline -0.001 -10"><span class='ocrx_word' id='word_1_207' title='bbox 337 1849 513 1883; x_wconf 86' lang='lat' dir='ltr'>horrendo</span> <span class='ocrx_word' id='word_1_208' title='bbox 540 1847 773 1887; x_wconf 83' lang='lat' dir='ltr'>infamantur,</span> <span class='ocrx_word' id='word_1_209' title='bbox 798 1847 893 1892; x_wconf 89' lang='lat' dir='ltr'>quod</span> <span class='ocrx_word' id='word_1_210' title='bbox 918 1858 989 1881; x_wconf 84' lang='lat' dir='ltr'>vox</span> <span class='ocrx_word' id='word_1_211' title='bbox 1011 1843 1206 1880; x_wconf 74' lang='lat' dir='ltr'>comminus</span> <span class='ocrx_word' id='word_1_212' title='bbox 1228 1846 1389 1891; x_wconf 87' lang='lat' dir='ltr'>apposite</span> <span class='ocrx_word' id='word_1_213' title='bbox 1415 1847 1582 1881; x_wconf 85' lang='lat' dir='ltr'>denotat:</span> <span class='ocrx_word' id='word_1_214' title='bbox 1609 1848 1736 1881; x_wconf 79' lang='lat' dir='ltr'>deinde</span> 
     </span>
     <span class='ocr_line' id='line_1_28' title="bbox 338 1905 854 1951; baseline -0.002 -11"><span class='ocrx_word' id='word_1_215' title='bbox 338 1907 423 1951; x_wconf 88' lang='lat' dir='ltr'>quid</span> <span class='ocrx_word' id='word_1_216' title='bbox 443 1912 540 1941; x_wconf 88' lang='lat' dir='ltr'>vetat</span> <span class='ocrx_word' id='word_1_217' title='bbox 558 1907 674 1941; x_wconf 87' lang='lat' dir='ltr'>locum</span> <span class='ocrx_word' id='word_1_218' title='bbox 692 1906 823 1940; x_wconf 88' lang='lat' dir='ltr'>tentari</span> <span class='ocrx_word' id='word_1_219' title='bbox 838 1905 854 1938; x_wconf 70' lang='grc' dir='ltr'>ἶ)</span> 
     </span>
    </p>
   </div>
   <div class='ocr_carea' id='block_1_6' title="bbox 643 1968 1420 2055">
    <p class='ocr_par' dir='ltr' id='par_1_11' title="bbox 643 1968 1420 2055">
     <span class='ocr_line' id='line_1_29' title="bbox 643 1968 1420 2006; baseline -0.001 -8"><span class='ocrx_word' id='word_1_220' title='bbox 643 1970 767 1999; x_wconf 85' lang='lat' dir='ltr'>Cernere</span> <span class='ocrx_word' id='word_1_221' title='bbox 781 1969 945 1998; x_wconf 85' lang='lat' dir='ltr'>Parrhasios</span> <span class='ocrx_word' id='word_1_222' title='bbox 959 1969 1028 1997; x_wconf 91' lang='lat' dir='ltr'>dum</span> <span class='ocrx_word' id='word_1_223' title='bbox 1043 1974 1073 1997; x_wconf 90' lang='lat' dir='ltr'>te</span> <span class='ocrx_word' id='word_1_224' title='bbox 1083 1968 1178 2006; x_wconf 86' lang='lat' dir='ltr'>juvat,</span> <span class='ocrx_word' id='word_1_225' title='bbox 1194 1968 1282 2002; x_wconf 86' lang='lat' dir='ltr'>Aule,</span> <span class='ocrx_word' id='word_1_226' title='bbox 1299 1968 1420 1998; x_wconf 87' lang='lat' dir='ltr'>Triones</span> 
     </span>
     <span class='ocr_line' id='line_1_30' title="bbox 678 2016 1311 2055; baseline -0.003 -9"><span class='ocrx_word' id='word_1_227' title='bbox 678 2018 855 2051; x_wconf 85' lang='lat' dir='ltr'>Comminus,</span> <span class='ocrx_word' id='word_1_228' title='bbox 870 2023 900 2046; x_wconf 91' lang='lat' dir='ltr'>et</span> <span class='ocrx_word' id='word_1_229' title='bbox 916 2017 1020 2046; x_wconf 89' lang='lat' dir='ltr'>Scotici</span> <span class='ocrx_word' id='word_1_230' title='bbox 1035 2016 1141 2055; x_wconf 86' lang='lat' dir='ltr'>frigora</span> <span class='ocrx_word' id='word_1_231' title='bbox 1154 2016 1230 2045; x_wconf 86' lang='lat' dir='ltr'>ferre</span> <span class='ocrx_word' id='word_1_232' title='bbox 1244 2016 1311 2055; x_wconf 88' lang='lat' dir='ltr'>poli.</span> 
     </span>
    </p>
   </div>
   <div class='ocr_carea' id='block_1_7' title="bbox 339 2074 1735 2180">
    <p class='ocr_par' dir='ltr' id='par_1_12' title="bbox 339 2074 1735 2180">
     <span class='ocr_line' id='line_1_31' title="bbox 339 2074 1735 2120; baseline -0.001 -8"><span class='ocrx_word' id='word_1_233' title='bbox 339 2078 498 2112; x_wconf 86' lang='lat' dir='ltr'>Maxime</span> <span class='ocrx_word' id='word_1_234' title='bbox 524 2088 604 2111; x_wconf 87' lang='lat' dir='ltr'>cum</span> <span class='ocrx_word' id='word_1_235' title='bbox 632 2076 762 2111; x_wconf 89' lang='lat' dir='ltr'>Florus</span> <span class='ocrx_word' id='word_1_236' title='bbox 788 2076 1054 2110; x_wconf 90' lang='lat' dir='ltr'>vetustissimus</span> <span class='ocrx_word' id='word_1_237' title='bbox 1079 2079 1185 2120; x_wconf 85' lang='lat' dir='ltr'>poeta</span> <span class='ocrx_word' id='word_1_238' title='bbox 1209 2076 1305 2120; x_wconf 90' lang='lat' dir='ltr'>apud</span> <span class='ocrx_word' id='word_1_239' title='bbox 1330 2074 1409 2109; x_wconf 90' lang='lat' dir='ltr'>Ael.</span> <span class='ocrx_word' id='word_1_240' title='bbox 1442 2075 1672 2120; x_wconf 83' lang='lat' dir='ltr'>Spartianum</span> <span class='ocrx_word' id='word_1_241' title='bbox 1697 2077 1735 2110; x_wconf 89' lang='lat' dir='ltr'>in</span> 
     </span>
     <span class='ocr_line' id='line_1_32' title="bbox 342 2132 1362 2180; baseline -0.003 -10"><span class='ocrx_word' id='word_1_242' title='bbox 342 2137 462 2170; x_wconf 87' lang='lat' dir='ltr'>eadem</span> <span class='ocrx_word' id='word_1_243' title='bbox 482 2147 565 2170; x_wconf 91' lang='lat' dir='ltr'>voce</span> <span class='ocrx_word' id='word_1_244' title='bbox 583 2136 799 2180; x_wconf 87' lang='lat' dir='ltr'>depravatus</span> <span class='ocrx_word' id='word_1_245' title='bbox 818 2135 876 2169; x_wconf 90' lang='lat' dir='ltr'>sit.</span> <span class='ocrx_word' id='word_1_246' title='bbox 930 2134 987 2168; x_wconf 87' lang='lat' dir='ltr'>Ita</span> <span class='ocrx_word' id='word_1_247' title='bbox 1004 2134 1100 2168; x_wconf 89' lang='lat' dir='ltr'>enim</span> <span class='ocrx_word' id='word_1_248' title='bbox 1118 2133 1161 2167; x_wconf 88' lang='lat' dir='ltr'>de</span> <span class='ocrx_word' id='word_1_249' title='bbox 1179 2132 1362 2168; x_wconf 88' lang='lat' dir='ltr'>Adriano:</span> 
     </span>
    </p>
   </div>
   <div class='ocr_carea' id='block_1_8' title="bbox 342 2208 1732 2474">
    <p class='ocr_par' dir='ltr' id='par_1_13' title="bbox 342 2208 1732 2474">
     <span class='ocr_line' id='line_1_33' title="bbox 639 2208 984 2247; baseline 0.003 -11"><span class='ocrx_word' id='word_1_250' title='bbox 639 2209 701 2247; x_wconf 87' lang='lat' dir='ltr'>Ego</span> <span class='ocrx_word' id='word_1_251' title='bbox 715 2208 780 2237; x_wconf 80' lang='lat' dir='ltr'>nolo</span> <span class='ocrx_word' id='word_1_252' title='bbox 795 2209 898 2237; x_wconf 85' lang='lat' dir='ltr'>Caesar</span> <span class='ocrx_word' id='word_1_253' title='bbox 913 2218 984 2242; x_wconf 86' lang='lat' dir='ltr'>esse,</span> 
     </span>
     <span class='ocr_line' id='line_1_34' title="bbox 639 2256 1056 2295; baseline -0.002 -10"><span class='ocrx_word' id='word_1_254' title='bbox 639 2256 799 2285; x_wconf 86' lang='lat' dir='ltr'>Ambulare</span> <span class='ocrx_word' id='word_1_255' title='bbox 812 2266 864 2295; x_wconf 91' lang='lat' dir='ltr'>per</span> <span class='ocrx_word' id='word_1_256' title='bbox 880 2256 1056 2289; x_wconf 84' lang='lat' dir='ltr'>Brittannos,</span> 
     </span>
     <span class='ocr_line' id='line_1_35' title="bbox 640 2304 1005 2343; baseline 0 -12"><span class='ocrx_word' id='word_1_257' title='bbox 640 2304 788 2342; x_wconf 87' lang='lat' dir='ltr'>Scythicas</span> <span class='ocrx_word' id='word_1_258' title='bbox 801 2304 862 2343; x_wconf 90' lang='lat' dir='ltr'>pati</span> <span class='ocrx_word' id='word_1_259' title='bbox 877 2304 1005 2343; x_wconf 85' lang='lat' dir='ltr'>pruinas.</span> 
     </span>
     <span class='ocr_line' id='line_1_36' title="bbox 342 2368 1732 2416; baseline 0 -13"><span class='ocrx_word' id='word_1_260' title='bbox 342 2369 419 2403; x_wconf 83' lang='lat' dir='ltr'>MS.</span> <span class='ocrx_word' id='word_1_261' title='bbox 434 2380 533 2404; x_wconf 90' lang='lat' dir='ltr'>meus</span> <span class='ocrx_word' id='word_1_262' title='bbox 546 2370 698 2414; x_wconf 87' lang='lat' dir='ltr'>optimae</span> <span class='ocrx_word' id='word_1_263' title='bbox 710 2374 825 2411; x_wconf 88' lang='lat' dir='ltr'>notae,</span> <span class='ocrx_word' id='word_1_264' title='bbox 838 2371 876 2404; x_wconf 90' lang='lat' dir='ltr'>in</span> <span class='ocrx_word' id='word_1_265' title='bbox 890 2369 1099 2405; x_wconf 89' lang='lat' dir='ltr'>membrana</span> <span class='ocrx_word' id='word_1_266' title='bbox 1113 2370 1266 2416; x_wconf 85' lang='lat' dir='ltr'>oblonga</span> <span class='ocrx_word' id='word_1_267' title='bbox 1279 2368 1406 2409; x_wconf 88' lang='lat' dir='ltr'>forma,</span> <span class='ocrx_word' id='word_1_268' title='bbox 1421 2369 1552 2404; x_wconf 87' lang='lat' dir='ltr'>diserte</span> <span class='ocrx_word' id='word_1_269' title='bbox 1566 2369 1732 2414; x_wconf 86' lang='lat' dir='ltr'>praefert,</span> 
     </span>
     <span class='ocr_line' id='line_1_37' title="bbox 638 2434 1037 2474; baseline 0.005 -12"><span class='ocrx_word' id='word_1_270' title='bbox 638 2434 796 2464; x_wconf 85' lang='lat' dir='ltr'>Ambulare</span> <span class='ocrx_word' id='word_1_271' title='bbox 807 2445 859 2474; x_wconf 88' lang='lat' dir='ltr'>per</span> <span class='ocrx_word' id='word_1_272' title='bbox 874 2435 1037 2471; x_wconf 88' lang='lat' dir='ltr'>Britannos,</span> 
     </span>
    </p>
   </div>
  </div>
 </body>
</html>
