2032 2912
723 352 897 385 GENTIS
922 352 1199 390 SCOTORUM‚
1225 352 1313 384 LIB.
1339 352 1383 384 ΙΙ.
1686 351 1741 381 121

508 445 750 480 Praefationes
769 448 941 481 solemnes
1490 446 1550 480 lib.
1571 456 1596 480 1.

509 502 553 536 In
571 502 724 537 Ethicen
743 504 1047 538 Commentarium
1065 505 1208 538 uberem
1493 504 1553 537 lib.
1574 513 1598 537 1.

508 559 552 593 In
571 560 744 594 Politicen
761 560 966 594 Aristotelis
981 561 1255 596 Observationes
1275 561 1473 596 Historicas
1492 562 1552 596 lib.
1573 571 1597 595 1.

509 616 781 662 Epigrammata
800 616 934 651 Graeca
951 622 986 651 et
1003 617 1135 652 Latina
1492 619 1552 653 lib.
1573 629 1598 653 1.

408 674 508 708 Vivit
526 674 641 708 adhuc
658 674 788 708 ibidem
806 674 884 714 loci,
903 675 959 708 vir
976 675 1187 708 suavissimo
1204 686 1345 709 morum
1362 680 1652 721 temperamento.

721 789 994 824 ROBERTUS
1020 789 1246 824 BRUSIUS.
1299 792 1380 824 213.

358 905 577 939 ROBERTUS
595 905 759 945 Brusius,
786 905 1031 945 Calvinianus,
1056 906 1176 951 regius
1200 906 1436 946 concionator,
1463 917 1503 939 ac
1529 907 1646 952 regiae
1670 917 1744 940 ma-

353 963 476 1008 jestati
495 963 639 1008 juratus
657 963 781 1003 hostis,
804 974 843 997 ac
861 968 1053 997 contumax
1070 963 1271 1006 perduellis.
1322 962 1474 1008 Reliqua
1488 964 1614 998 omitto
1632 964 1670 997 in
1688 975 1742 998 ca-

355 1025 421 1065 put
439 1021 564 1064 optimi
583 1021 677 1066 regis
701 1020 996 1061 machinamenta,
1021 1032 1133 1054 unum
1156 1020 1303 1054 sufficiet
1324 1020 1468 1061 crimen,
1495 1022 1552 1055 cui
1577 1021 1743 1055 diluendo

355 1079 453 1112 nulla
470 1078 538 1112 erit
555 1089 620 1122 par
637 1089 793 1123 unquam
813 1077 989 1112 facundia.
1042 1078 1133 1112 Cum
1157 1089 1220 1111 rex
1243 1089 1335 1111 anno
1361 1086 1539 1112 MDXCVI.
1563 1079 1620 1112 die
1639 1087 1742 1112 XVII.

356 1135 583 1180 Septembris,
610 1136 788 1181 allegisset
810 1136 848 1168 in
871 1140 1033 1169 senatum
1057 1135 1133 1179 pios
1155 1135 1327 1179 quosdam
1351 1140 1386 1169 et
1410 1135 1610 1170 catholicos
1636 1136 1741 1175 viros,

354 1193 487 1226 indicta
504 1197 589 1227 sunt
606 1194 727 1227 statim
746 1193 899 1232 comitia,
917 1193 1047 1237 quibus
1065 1193 1107 1226 de
1125 1204 1207 1238 rege
1225 1193 1263 1225 in
1284 1193 1445 1226 ordinem
1469 1193 1672 1239 redigendo,
1699 1204 1743 1226 ex

354 1251 528 1296 evangelii
554 1250 772 1294 praescripto
796 1254 850 1283 est
872 1255 1012 1290 actum;
1041 1250 1233 1283 secundum
1257 1261 1297 1283 ea
1321 1249 1499 1283 Robertus
1524 1250 1677 1284 Brusius
1701 1251 1742 1284 li-

354 1313 446 1341 teras
477 1308 575 1341 dedit
609 1307 653 1340 ad
681 1306 845 1340 comitem
880 1306 1144 1340 Hamiltonium
1178 1307 1382 1351 proximum
1412 1308 1514 1353 regni
1540 1308 1740 1349 haeredem,

352 1365 473 1408 plenas
491 1365 635 1409 quidem
653 1365 731 1398 illas
749 1364 851 1408 impii
868 1365 906 1397 in
929 1364 1063 1409 regiam
1090 1364 1313 1409 majestatem
1340 1365 1487 1405 consilii,
1507 1376 1660 1409 quarum
1684 1365 1742 1398 hic

352 1427 454 1456 tenor
471 1426 525 1456 est
542 1422 692 1456 fideliter
710 1433 754 1456 ex
772 1421 909 1456 Scotico
927 1422 966 1455 in
984 1421 1155 1456 Latinum
1175 1432 1370 1455 versarum.

402 1484 423 1498 “
441 1479 523 1513 Non
541 1480 755 1526 ambigimus
774 1479 861 1525 quin
874 1479 952 1525 jam
970 1479 1124 1513 audieris
1142 1479 1229 1523 quid
1246 1483 1407 1513 secutum
1425 1479 1472 1513 sit
1490 1491 1534 1513 ex
1557 1480 1741 1524 colloquio,

351 1538 444 1572 inter
461 1549 525 1571 nos
543 1542 579 1571 et
597 1537 825 1584 Majestatem
851 1548 952 1571 suam
979 1536 1112 1577 habito,
1139 1536 1261 1570 crebra
1283 1536 1453 1581 utrinque
1475 1537 1668 1577 altercatio,
1691 1542 1743 1571 at-

350 1607 418 1639 que
433 1596 539 1629 etiam
554 1607 575 1629 a
586 1596 790 1630 constitutis
802 1595 983 1629 discessio:
998 1595 1059 1628 illa
1070 1595 1183 1638 specie
1191 1593 1339 1628 fiduciae
1352 1598 1388 1628 et
1401 1594 1636 1634 induciarum,
1651 1597 1743 1628 mul-

351 1659 388 1687 ta
400 1653 467 1687 sibi
483 1654 675 1699 arrogavit,
690 1654 800 1687 donec
813 1653 957 1687 tandem
971 1652 1175 1697 malignitas
1187 1653 1304 1696 palam
1315 1651 1410 1685 facta
1421 1656 1485 1686 est.
1529 1652 1585 1686 Eo
1597 1653 1740 1686 demum

350 1722 405 1744 res
423 1711 576 1750 devenit,
595 1714 638 1744 ut
659 1711 836 1754 stipendia
858 1710 1126 1755 abrogarentur,
1149 1713 1365 1743 commeatus
1388 1709 1611 1753 publicorum
1636 1710 1742 1743 comi-

351 1768 482 1801 tiorum
506 1768 670 1807 abolitus,
688 1768 849 1811 deputati
866 1767 954 1801 urbe
972 1767 1137 1800 excedere
1151 1766 1254 1810 jussi,
1278 1765 1398 1799 David
1416 1766 1528 1800 Black
1554 1767 1739 1811 perduellii

350 1826 531 1858 convictus
551 1825 732 1859 custodiae
755 1825 988 1869 mancipatus,
1013 1828 1048 1857 et
1071 1834 1134 1857 nos
1158 1824 1235 1868 lege
1254 1823 1330 1868 jam
1353 1824 1427 1857 lata
1448 1835 1567 1867 parem
1590 1835 1740 1868 poenam

350 1883 499 1925 passuri,
518 1886 553 1916 et
571 1882 615 1915 ad
633 1882 800 1916 ultimum
819 1893 971 1927 magnus
989 1882 1129 1926 piorum
1148 1892 1329 1922 numerus,
1352 1882 1575 1926 maximeque
1599 1882 1650 1915 illi
1677 1883 1738 1927 qui

350 1939 556 1973 ferventiori
570 1940 688 1973 studio
703 1940 798 1983 piam
816 1939 907 1973 hanc
925 1939 1106 1984 religionis
1121 1950 1263 1972 causam
1274 1939 1439 1983 amplexi,
1454 1939 1541 1973 urbe
1555 1940 1668 1984 pulsi;
1689 1940 1740 1974 ita

350 2002 390 2031 ut
405 1999 557 2041 populus
576 1997 750 2031 excitatus
769 1997 912 2041 partim,
931 2001 972 2030 ut
991 2001 1148 2040 apparet,
1167 1996 1203 2030 vi
1221 1996 1320 2030 verbi
1339 1997 1439 2037 sacri,
1458 1997 1591 2041 partim
1615 2009 1660 2031 ne
1684 1999 1738 2032 vis

350 2055 449 2088 nobis
464 2054 638 2088 inferatur
652 2059 726 2089 tam
740 2055 897 2088 violento
918 2065 1036 2088 rerum
1055 2065 1172 2094 cursu,
1191 2054 1236 2088 ad
1254 2065 1354 2088 arma
1370 2055 1577 2095 cucurrerit,
1592 2066 1673 2089 cum
1687 2057 1740 2089 vi-

349 2113 447 2146 deret
465 2123 528 2146 nos
547 2123 629 2146 suos
647 2116 805 2156 pastores
823 2112 919 2156 peti;
939 2112 1000 2145 sed
1017 2123 1081 2145 nos
1099 2111 1176 2145 Deo
1193 2112 1347 2156 propitio
1365 2111 1460 2145 hunc
1477 2111 1629 2147 furentis
1647 2113 1738 2146 mul-

349 2170 513 2204 titudinis
527 2170 791 2214 concitataeque
805 2170 1001 2203 tumultum
1016 2180 1034 2202 e
1046 2169 1198 2215 vestigio
1212 2169 1453 2213 repressimus.
1493 2169 1738 2204 Nihilominus

349 2227 398 2270 pii
418 2227 564 2260 barones
583 2232 618 2260 et
635 2227 781 2266 nobiles,
800 2227 862 2271 qui
880 2227 937 2260 hic
954 2227 992 2260 in
1010 2227 1096 2268 urbe
1114 2231 1226 2266 erant,
1245 2226 1414 2266 coierunt,
1438 2238 1478 2260 ac
1500 2228 1738 2271 patrocinium

348 2285 386 2317 in
404 2296 440 2318 se
458 2284 620 2318 ecclesiae
637 2288 891 2328 pastorumque
915 2285 1011 2318 ultro
1037 2288 1278 2328 susceperunt.
1326 2284 1436 2318 Deest
1460 2283 1607 2319 factioni
1633 2293 1737 2330 caput

347 2347 382 2376 et
399 2342 591 2386 primarius
610 2342 738 2385 aliquis
756 2341 953 2375 nobilitatis
971 2342 1107 2381 ductor,
1125 2342 1187 2386 qui
1205 2353 1260 2375 res
1279 2349 1354 2376 tam
1379 2342 1550 2386 ancipites
1574 2354 1740 2386 praesens

349 2399 559 2433 auctoritate
590 2410 655 2432 sua
680 2398 808 2438 firmet,
839 2410 879 2432 ac
909 2404 1032 2433 contra
1061 2410 1181 2445 regem
1212 2403 1366 2433 tueatur.
1430 2399 1549 2439 Quare
1577 2401 1738 2435 unanimi

347 2467 519 2491 consensu
537 2456 704 2501 imposita
722 2455 792 2490 fuit
810 2457 898 2490 mihi
917 2457 960 2491 ad
979 2461 1014 2491 te
1038 2457 1212 2491 scribendi
1232 2457 1437 2501 provincia;
1462 2462 1496 2492 et
1520 2469 1600 2492 cum
1623 2459 1652 2492 is
1677 2458 1739 2492 ho-

1038 2523 1064 2547 R
