2032 2912
729 326 905 360 GENTIS
929 325 1208 365 SCOTORUM,
1229 324 1319 358 LIB.
1339 325 1386 359 11.
1698 324 1761 356 103

514 421 692 456 Homilias
1304 419 1366 454 lib.
1386 428 1412 454 1.

414 479 513 514 Obiit
530 490 624 514 anno
643 486 837 515 Mccxxn.
892 476 1112 512 Scotichron.
1130 476 1194 512 lib.
1212 485 1270 512 1x.
1287 487 1364 522 cap.
1383 484 1548 513 xxxvu.

707 590 1000 626 GILBERTUS
1024 589 1277 625 BROUNUS.
1329 593 1411 626 184.

363 708 600 742 GILBERTUS
617 705 797 746 Brounus,
817 704 987 740 Coenobii
1004 704 1101 739 Novi
1119 705 1158 739 in
1174 703 1294 740 scotia
1306 705 1426 740 abbas.
1465 705 1508 740 Id
1520 717 1585 741 rex
1596 717 1753 742 avuncu-

362 766 397 798 lo
422 775 500 799 meo
526 762 703 798 Gulielmo
727 761 887 803 Leslaeo,
913 773 1086 808 equorum
1112 773 1259 798 suorum
1281 762 1469 808 praefecto,
1492 763 1585 799 dono
1608 764 1752 800 dederat

360 832 442 855 cum
460 821 674 856 investitura
692 819 889 867 singulari3
908 824 947 855 at
958 830 1040 854 cum
1056 820 1102 855 ad
1119 820 1229 867 hujus
1241 831 1370 855 manus
1383 820 1593 862 devenisset,
1607 822 1754 857 titulum

361 878 634 912 ecclesiasticum
664 877 757 911 mira
785 876 948 912 libertate
976 877 1158 919 restituit3
1198 888 1269 923 quo
1299 877 1443 912 nomine
1471 889 1494 912 a
1521 878 1753 923 praefervidis

361 935 539 970 Sathanae
567 934 744 970 ministris
773 934 986 981 exagitatus
1014 934 1205 979 probitatis
1233 945 1318 970 suae
1346 945 1480 980 poenas
1508 935 1607 971 dedit
1635 937 1751 973 exilio.

360 992 567 1037 Scripserat,
585 996 650 1027 aut
666 992 787 1027 verius
803 992 842 1027 in
858 1002 971 1026 unum
988 1002 1117 1038 corpus
1134 997 1413 1033 coacervaverat,

509 1050 638 1095 Capita
654 1049 756 1084 Fidei
773 1053 1011 1090 controversa,
1028 1060 1119 1095 quae
1131 1050 1301 1085 sectarius
1314 1049 1477 1085 minister
1488 1049 1513 1084 J
1514 1062 1594 1086 oan-
1609 1051 1753 1088 Welshe

557 1107 795 1155 impugnavit,
808 1107 871 1142 lib.
890 1115 916 1141 1.

509 1164 711 1199 Historiam
728 1165 880 1200 labentis
896 1164 935 1200 in
952 1163 1072 1200 scotia
1087 1164 1287 1212 Religionis
1305 1163 1509 1200 Catholicae
1523 1165 1586 1202 lib.
1605 1175 1631 1201 1.

408 1222 510 1257 Obiit
539 1221 707 1257 Lutetiae
732 1222 864 1267 inopia,
895 1233 938 1257 ea
962 1222 1172 1257 claritudine
1197 1222 1357 1268 indigna,
1382 1233 1477 1257 anno
1503 1230 1669 1259 MDCXII.
1696 1225 1753 1259 die

362 1288 447 1314 mv.
467 1278 570 1313 Maii.

698 1376 998 1412 RICHARDUS
1023 1376 1276 1412 BROUNUS.
1329 1378 1411 1412 185.

361 1452 605 1486 RICHARDUS
622 1450 803 1493 Brounus,
824 1452 1016 1497 superioris
1033 1463 1154 1497 nepos,
1172 1456 1208 1486 et
1225 1451 1323 1486 exilii
1340 1462 1467 1492 comes,
1482 1451 1646 1489 Lutetiae
1660 1455 1751 1489 serio

362 1510 463 1544 bonis
481 1508 618 1544 artibus
636 1509 809 1544 incubuit.
861 1508 1011 1555 Scripsit

505 1565 751 1607 Additionem,
769 1571 832 1601 aut
849 1566 1094 1612 Appendicem
1112 1567 1157 1601 ad
1174 1566 1295 1612 patrui
1314 1565 1525 1608 Historiam,
1543 1567 1604 1603 lib.
1624 1577 1650 1602 1.

409 1622 509 1658 Obiit
526 1622 691 1659 Lutetiae
708 1634 803 1659 anno
821 1632 1016 1659 MDcxvu.

813 1737 883 1772 JO.
911 1737 1164 1774 BROUNUS.
1217 1738 1298 1774 186.

360 1854 383 1888 J
386 1862 423 1889 0.
450 1853 661 1895 Bnounus,
678 1853 967 1901 religiosissimus
991 1853 1239 1895 Minimorum,
1264 1864 1353 1900 quos
1370 1858 1510 1895 vocant,
1533 1855 1668 1891 ordinis
1687 1858 1753 1891 sub

359 1912 479 1946 Sancti
503 1911 683 1946 Francisci
709 1911 753 1945 de
778 1910 892 1945 Paula
917 1911 1053 1958 regula,
1081 1911 1253 1953 sacerdos,
1279 1912 1412 1947 multos
1438 1923 1504 1957 pro
1529 1912 1597 1947 fide
1614 1913 1752 1949 labores

359 1979 558 2014 perpessus,
583 1968 742 2014 inopiam
767 1979 807 2003 ac
833 1969 981 2003 carceris
1007 1969 1103 2014 apud
1128 1979 1212 2003 suos
1236 1970 1424 2014 populares
1453 1970 1687 2016 ignominiam
1718 1977 1753 2006 et

361 2026 532 2061 sustinuit
566 2037 638 2061 non
671 2026 780 2060 semel
812 2025 965 2066 fortiter,
994 2030 1031 2061 et
1059 2027 1195 2071 sprevit
1225 2037 1365 2072 semper
1393 2027 1557 2074 gloriose,
1589 2029 1752 2075 egregius

361 2083 496 2118 Christi
519 2084 632 2125 miles,
657 2083 841 2119 haereseos
863 2083 1080 2128 professores
1103 2084 1286 2119 multoties
1302 2094 1420 2119 coram
1439 2084 1667 2126 confundens,
1686 2084 1753 2120 ca-

361 2141 511 2175 tholicae
527 2152 652 2176 causae
669 2141 858 2176 veritatem
875 2138 1036 2176 asseruit.
1088 2140 1239 2186 Scripsit
1255 2141 1393 2177 erudite
1635 2139 1637 2141 ’

506 2197 562 2233 De
580 2198 894 2233 Benedictionibus
911 2207 986 2232 XII.
1006 2197 1293 2234 Patriarcharum
1349 2200 1411 2235 lib.
1431 2209 1457 2235 1.

511 2255 646 2290 Contra
662 2254 686 2289 J
687 2255 818 2290 udaeos
836 2255 879 2290 de
898 2254 1077 2291 Trinitate
1352 2257 1413 2292 lib.
1434 2266 1459 2292 1.

508 2312 565 2347 De
583 2311 830 2347 Incarnatione
1352 2314 1413 2349 lib.
1433 2324 1459 2349 1.

509 2369 566 2404 De
583 2369 758 2405 Adventu
773 2369 927 2405 Messiae
1353 2372 1414 2407 lib.
1434 2380 1461 2407 1.

507 2426 563 2462 De
580 2426 696 2462 Beata
715 2426 862 2474 Virgine
1350 2429 1410 2464 lib.
1431 2437 1457 2463 1.
