2032 2912
686 352 860 386 GENTIS
885 353 1160 393 SCOTORUM,
1185 354 1273 386 LIB.
1299 355 1337 386 V.
1637 355 1700 388 267

468 446 664 493 Theologia
682 447 865 482 Platonica
1206 450 1266 483 lib.
1286 459 1310 483 1.

469 504 698 548 Philosophia
716 505 863 549 antiqua
1202 507 1262 541 lib.
1283 517 1307 541 1.
1326 512 1361 541 et
1378 507 1446 541 alia
1463 508 1648 552 permulta.

369 561 510 596 Floruit
527 572 621 595 anno
642 570 733 595 MDI.
753 567 815 596 aut
833 568 973 607 praeter
989 568 1144 608 propter.

653 677 697 711 B.
725 676 907 711 EVANX
934 676 1225 712 MARBODUS.
1278 678 1364 716 496.

319 795 339 809 ‘⁵
352 789 395 824 B.
411 789 566 825 EVANX
579 791 784 832 Marbodus,
796 792 1096 832 humanioribus‚”
1108 793 1158 826 ait
1169 792 1331 833 Balaeus,
1344 799 1365 813 ‘⁶
1377 795 1488 829 literis
1501 795 1698 829 instructis-

317 848 461 882 simus.”
484 848 605 883 Uvion
622 850 660 883 in
677 850 854 895 adjunctis
872 851 917 884 ad
934 850 1091 896 Lignum
1109 849 1215 884 Vitae
1231 861 1312 896 pag.
1332 860 1584 885 Deccnxxxn
1610 852 1697 886 falso

316 906 477 952 Anglum
496 906 592 947 facit,
617 918 696 941 cum
722 919 842 942 omnes
869 908 974 942 etiam
1001 907 1113 953 Angli
1138 908 1206 951 ipsi
1232 909 1453 943 consentiant
1478 909 1622 942 Scotum
1648 921 1699 943 es-

317 974 378 1003 se3
406 975 491 1008 prae
517 965 596 998 aliis
620 964 781 999 Renatus
807 965 1020 999 Benedictus
1038 965 1099 999 lib.
1122 965 1164 998 de
1182 964 1277 999 Vitis
1300 965 1362 1000 SS.
1386 965 1578 1006 Gallorum,
1605 968 1698 1010 quod

318 1032 405 1065 opus
437 1021 608 1055 Latinum
640 1022 723 1056 fecit
754 1022 935 1057 Paschalis
966 1022 1138 1056 Robinus.
1199 1022 1304 1057 Adde
1333 1022 1570 1068 Epitaphium
1600 1023 1696 1056 Mar-

317 1079 398 1112 bodi
421 1079 465 1113 ab
488 1078 620 1125 Ogiero
646 1080 808 1124 episcopo
826 1079 1089 1125 Andegavensi.
1141 1079 1367 1114 Praeclarum
1392 1081 1434 1115 de
1460 1092 1500 1114 eo
1526 1085 1579 1115 est
1605 1081 1698 1125 apud

317 1135 534 1180 Sylvestrem
566 1135 764 1181 Gyraldum
794 1137 854 1171 lib.
886 1146 922 1170 V.
954 1136 1093 1181 Speculi
1119 1136 1297 1171 Ecclesiae
1322 1148 1396 1182 cap.
1428 1146 1512 1172 XVI.
1543 1138 1698 1172 testimo-

316 1194 440 1228 nium:
477 1199 497 1213 “
520 1194 703 1228 Bonarum
730 1195 916 1228 literarum
946 1196 1117 1240 magister
1142 1195 1313 1235 eruditus,
1340 1196 1470 1229 colores
1495 1195 1697 1235 rhetoricos,

316 1256 350 1285 et
368 1256 442 1285 tam
462 1252 651 1285 verborum
670 1263 779 1296 quam
797 1253 1053 1286 sententiarum
1080 1253 1336 1293 exornationes,
1363 1252 1522 1286 versibus
1547 1253 1697 1298 egregiis

316 1309 539 1343 declaravit.”
601 1308 739 1342 Eadem
774 1321 861 1353 pene
896 1309 1011 1343 Lilius
1046 1309 1223 1354 Gyraldus
1255 1309 1492 1343 Ferrariensis
1523 1321 1626 1353 opere
1656 1310 1697 1342 de

317 1366 436 1400 Poetis
455 1366 608 1400 Latinis.
660 1366 826 1400 Laudant
849 1378 931 1400 eum
951 1366 1158 1400 Vincentius
1180 1366 1442 1400 Bellovacensis
1468 1371 1503 1400 et
1528 1366 1697 1400 Albertus

316 1423 517 1464 CrantziuS,
547 1425 607 1458 sed
635 1424 717 1458 libri
746 1436 817 1458 non
846 1429 929 1458 sunt
955 1425 999 1458 ad
1020 1435 1177 1457 manum.
1228 1422 1385 1457 Virtutis
1413 1423 1540 1457 merito
1569 1422 1699 1467 episco-

316 1482 430 1525 palem
456 1481 625 1515 honorem
650 1482 745 1525 apud
771 1481 1007 1521 Aremoricos,
1034 1481 1255 1515 Redonensis
1281 1481 1430 1514 antistes
1455 1485 1603 1520 creatus,
1629 1491 1700 1513 non

315 1539 435 1573 minus
455 1540 512 1583 pie
530 1551 637 1584 quam
665 1540 851 1586 splendide*
869 1540 990 1584 gessit,
1018 1544 1059 1572 ut
1084 1539 1235 1572 historia
1261 1538 1469 1572 Britannica
1494 1536 1700 1571 Aremorica

316 1601 480 1631 testatur.
544 1597 648 1630 Sixto
674 1596 820 1630 Senensi
846 1597 906 1630 lib.
935 1606 988 1630 IV.
1017 1596 1258 1630 Bibliothecae
1289 1593 1500 1629 Marbadzcs
1525 1595 1636 1635 audit,
1663 1600 1698 1628 et

316 1651 540 1687 Redenensis
557 1654 717 1693 antistes,
737 1659 778 1687 ut
797 1659 832 1687 et
851 1653 1072 1687 Trithemius
1090 1653 1150 1687 lib.
1170 1653 1212 1686 de
1230 1652 1436 1697 Scriptorib.
1458 1651 1695 1685 Ecclesiastic.

315 1722 396 1756 pag.
429 1719 594 1746 CCLXyI.
636 1715 671 1744 et
705 1711 800 1744 hunc
835 1712 977 1745 annales
1013 1715 1187 1745 nostrates
1216 1710 1389 1743 indictum
1418 1709 1696 1752 illaudatumque

315 1769 405 1802 male
423 1768 632 1802 omiserunt.
684 1767 777 1813 Ejus
795 1774 900 1802 sunt:

462 1824 506 1858 In
525 1824 731 1859 Passionem
750 1825 996 1859 Thebaeorum
1196 1826 1257 1860 lib.
1278 1835 1302 1859 1.
1322 1837 1438 1859 versu.

465 1882 508 1916 In
527 1882 675 1917 Cantica
693 1882 921 1916 Canticorum
1200 1883 1258 1917 lib.
1280 1891 1303 1915 1.
1323 1883 1452 1926 triplici
1470 1894 1586 1917 sensu.

463 1939 517 1974 De
534 1940 731 1984 Lapidibus
750 1946 785 1974 et
804 1939 961 1973 Gemmis
1201 1941 1260 1974 lib.
1282 1950 1306 1974 1.
1325 1941 1419 1984 quod
1448 1952 1535 1984 opus
1562 1942 1620 1974 alii
1645 1942 1695 1975 in-

511 2003 565 2031 ter
583 1996 735 2031 Graecos
754 2003 948 2036 tentarunt,
967 1996 1161 2042 Dionysius
1186 1998 1394 2032 Corinthius
1420 1998 1513 2041 apud
1539 1998 1694 2037 Suidam,

511 2060 546 2089 et
577 2054 816 2088 Philostratus
846 2055 982 2098 primus
1013 2054 1325 2101 Lithognomicum
1355 2055 1475 2095 edidit,
1502 2056 1538 2089 id
1564 2061 1627 2095 est,
1654 2056 1695 2090 de

511 2112 672 2158 gemmis,
691 2113 785 2156 apud
804 2112 964 2145 eundem.

465 2169 632 2204 Carmina
650 2169 863 2202 sententiosa
1201 2170 1261 2204 lib.
1282 2179 1306 2203 Ι.

463 2227 518 2261 De
537 2226 623 2261 Vita
641 2226 676 2259 S.
697 2226 914 2271 Magnobodi
932 2225 1101 2271 Episcopi
1118 2227 1399 2273 Andegavensis.

462 2284 517 2318 De
535 2284 622 2318 Vita
639 2284 674 2317 S.
694 2283 881 2317 Laurentii
1140 2285 1199 2319 lib.
1220 2294 1245 2318 1.
1265 2297 1380 2319 versu.
1433 2284 1581 2319 Secutus
1594 2285 1698 2319 estin

513 2342 569 2376 his
581 2341 800 2375 Eucherium
809 2340 1221 2386 Lugdunensem,inquit
1236 2341 1440 2388 Sigebertus
1458 2343 1496 2376 in
1510 2342 1696 2376 Chronico.

367 2400 532 2434 Florebat
544 2410 636 2433 anno
650 2406 766 2432 ΜΕΝ.
782 2399 848 2432 sub
863 2398 1019 2432 Henrico
1037 2398 1105 2432 ΙΙΙ.
1120 2399 1342 2443 imperatore,
1358 2400 1414 2433 vel
1431 2409 1502 2433 ML.
1522 2399 1697 2433 Trithem-

318 2460 372 2492 vel
410 2467 594 2492 Mcxxlu.
631 2457 687 2490 vel
724 2464 820 2489 MCL.
859 2455 988 2490 Uvion.
1044 2456 1087 2490 111
1122 2468 1202 2490 eum
1238 2462 1380 2501 patrum
1410 2457 1579 2491 memoria
1606 2468 1697 2491 com-
