2032 2912
700 340 875 373 GENTIS
899 339 1175 378 SCOTORUM,
1201 338 1288 371 LIB.
1315 339 1341 371 1.
1675 339 1712 369 31

798 491 833 524 S.
860 489 1133 525 AUGURIUS.
1187 492 1245 524 40.

323 609 358 643 S.
386 608 612 646 AUGURIUs,
638 605 831 651 Augulius,
857 603 986 643 Aulus,
1013 603 1191 649 Aug-ulus,
1219 604 1275 637 vir
1299 604 1554 645 sanctissimus,
1582 605 1711 650 episco-

322 670 445 710 patum
470 664 508 696 in
530 663 721 697 Britannia
744 662 866 707 gessit,
890 661 927 694 id
945 665 1009 700 est,
1033 659 1162 700 Scotia,
1180 671 1263 694 nam
1281 672 1322 694 eo
1340 662 1457 695 seculo
1474 662 1564 695 nulli
1583 662 1621 695 in
1639 661 1714 696 An-

322 723 395 768 glia
418 720 625 760 Christiani,
652 719 827 764 siquidem
852 718 968 763 prima
991 718 1166 763 evangelii
1190 718 1345 762 receptio
1369 723 1574 759 evanuerat,
1592 730 1656 753 nec
1674 719 1711 753 S.

323 778 564 825 Augustinus,
587 777 684 811 illius
707 777 824 823 gentis
847 775 1090 810 sanctissimus
1115 775 1307 819 apostolus,
1332 775 1535 815 advenerat,
1558 779 1600 809 ut
1624 777 1715 810 clare

325 836 496 870 successio
521 835 692 880 temporis
719 835 863 868 indicat.
917 833 1141 867 Hunibertus
1168 842 1252 866 sane
1279 831 1417 872 Scotus,
1446 832 1598 876 scriptor
1623 833 1715 867 anti-

324 893 526 938 quissimus,
545 893 583 926 in
602 903 667 926 sua
685 891 860 932 Historia,
878 891 955 936 ejus
973 890 1012 924 in
1033 889 1151 923 Scotia
1174 889 1322 929 labores,
1346 889 1657 933 praedicationem,
1682 895 1716 924 et

325 951 496 984 miracula
513 949 661 983 extollit.
714 948 865 993 Scripsit

474 1006 529 1040 De
547 1006 635 1039 Fide
652 1006 847 1051 plantanda
1218 1003 1278 1038 lib.
1299 1013 1324 1038 1.

476 1063 531 1097 De
550 1063 654 1109 Fuga
671 1062 932 1096 Persecutionis
1215 1061 1276 1095 lib.
1297 1070 1321 1094 1.

374 1121 506 1154 Passus
532 1124 585 1154 est
611 1119 799 1165 Augustae
825 1119 864 1152 in
889 1119 1079 1154 Britannia
1105 1127 1178 1152 vn.
1205 1118 1394 1152 Februarii
1426 1129 1519 1153 anno
1552 1127 1714 1154 cccmu.

326 1178 490 1218 Ghinius,
509 1176 769 1217 Genebrardus,
790 1176 987 1211 Usuardus.
1031 1176 1310 1210 Wandelbertus
1331 1175 1553 1210 Prumiensis
1570 1185 1578 1209 ε

626 1231 753 1269 Augule,
767 1232 894 1270 septenis
906 1231 1048 1260 mundum
1063 1230 1202 1260 vincendo
1214 1230 1383 1269 triumphas.

376 1289 516 1323 Colitur
533 1297 605 1322 vn.
625 1287 823 1322 Februarii.

810 1385 846 1420 S.
872 1384 1118 1419 AURELIA.
1172 1387 1230 1419 41.

327 1460 362 1494 S.
389 1459 596 1500 AURELIA,
624 1459 884 1494 Ursulanarum
907 1470 990 1499 una,
1014 1470 1095 1493 cum
1119 1458 1223 1492 sociis
1246 1468 1351 1502 passa
1374 1468 1447 1492 non
1470 1463 1534 1500 est,
1558 1460 1619 1494 sed
1642 1460 1719 1495 Deo

328 1517 553 1562 permittente
582 1517 776 1563 majoribus
807 1517 987 1550 laboribus
1018 1520 1210 1555 reservata,
1239 1516 1390 1549 eundem
1416 1521 1535 1550 tamen
1560 1516 1720 1552 felicissi-

328 1585 426 1608 mum
453 1573 558 1608 finem
584 1578 639 1608 est
664 1575 801 1614 sortita,
828 1574 1028 1618 coliturque
1054 1581 1125 1607 XV.
1153 1572 1279 1608 Octob.
1336 1572 1465 1608 Petrus
1492 1573 1656 1610 Canisius
1682 1575 1720 1610 in

330 1631 601 1678 Martyrologio.

377 1688 506 1723 Annus
524 1700 604 1723 cum
622 1689 701 1723 aliis
720 1688 918 1722 communis
936 1695 1077 1722 CDLIV.

778 1785 813 1819 S.
840 1782 1163 1819 AUTBERTUS.
1216 1786 1274 1819 42.

330 1858 365 1892 S.
394 1857 655 1898 AUTBERTUS,
681 1858 866 1902 episcopus
893 1857 1087 1898 Cameraci,
1116 1869 1189 1892 non
1220 1857 1357 1898 Scotus,
1388 1859 1449 1893 sed
1475 1858 1719 1903 pientissimus

331 1915 517 1949 Scotorum
547 1915 850 1961 peregrinantium
881 1919 1063 1958 susceptor
1092 1920 1127 1949 et
1156 1915 1309 1959 hospes:
1347 1915 1397 1949 sic
1426 1917 1521 1950 enim
1552 1916 1718 1951 Molanus

333 1971 494 2006 Indiculo
512 1972 573 2006 SS.
593 1972 710 2017 Belgii
728 1982 809 2016 pag.
829 1980 915 2005 XIV.
935 1976 957 1991 “
972 1971 1006 2005 S.
1020 1971 1211 2013 Autberto,
1230 1973 1393 2017 episcopo
1411 1972 1667 2014 Cameracensi,
1681 1984 1718 2008 se

332 2029 575 2074 adjunxerunt
592 2029 696 2063 multi
719 2029 901 2073 apostolici
924 2029 1181 2072 praedicatores
1203 2040 1247 2063 ex
1271 2029 1389 2064 Scotia
1412 2034 1447 2064 et
1471 2030 1617 2065 Gallia.’'
1667 2029 1719 2064 Et

330 2086 422 2120 hanc
440 2087 593 2131 gratiam
611 2086 744 2130 hospiti
762 2097 826 2119 suo
844 2084 962 2119 Scotia
979 2087 1131 2130 reponit,
1149 2086 1397 2121 beneficiorum
1414 2099 1560 2122 memor.

382 2142 480 2176 Haec
513 2142 710 2188 agebantur
744 2143 836 2177 circa
870 2153 1020 2188 regnum
1055 2142 1279 2188 Ferquhardi
1314 2143 1362 2178 ΙΙ.
1398 2143 1583 2179 Scotorum
1613 2145 1718 2191 regis,

332 2210 425 2234 anno
443 2208 612 2233 DCXLVI.

786 2297 821 2331 S.
848 2296 921 2331 AN
922 2296 1154 2332 ATOLIUS.
1208 2300 1266 2333 43.

334 2371 369 2405 S.
401 2371 647 2405 ANATOLIUS
677 2382 720 2404 ex
752 2382 874 2405 eorum
904 2371 1089 2405 Scotorum
1123 2382 1282 2411 numero,
1318 2371 1380 2417 qui
1412 2371 1658 2407 Innocentium
1691 2372 1720 2406 Ι.

331 2428 532 2472 pontificem
564 2427 686 2469 secuti,
719 2432 761 2462 ut
791 2426 968 2463 Mantissa
995 2427 1202 2472 Apparatus
1235 2428 1416 2464 Historiae
1446 2428 1604 2464 Scoticae
1627 2440 1718 2481 pag.
