2032 2912
691 345 866 377 GENTIS
896 345 1171 383 SCOTORUM,
1196 345 1284 378 LIB.
1307 345 1365 378 IV.
1654 345 1716 377 219

334 438 519 472 victoriam
554 439 789 473 asseruisset?
830 439 924 473 Tum
955 441 1171 474 adstantium
1199 440 1354 484 quidam,
1387 439 1501 486 digito
1530 439 1714 485 designan-

333 500 385 528 tes
403 507 484 530 eum
501 497 648 536 intento,
666 496 834 530 dixerunt
851 496 995 536 Scotice,
1021 494 1162 530 Scholto
1186 495 1368 542 Douglas,
1396 498 1432 531 id
1450 502 1514 538 est,
1535 501 1556 516 “
1574 497 1654 530 vide
1673 497 1714 530 il-

334 553 408 586 lum
426 554 583 599 nigrum,
601 552 767 587 subfusco
785 554 898 586 colore
913 553 941 586 :’'
967 558 1051 587 tunc
1069 555 1162 587 enim
1180 555 1389 599 cognomina
1407 556 1505 589 nulla
1518 558 1630 594 erant,
1645 554 1714 587 nisi

332 621 354 643 a
371 611 522 654 praediis
539 611 662 655 petita,
688 610 748 643 sed
772 614 835 643 aut
858 622 879 644 a
899 610 1060 653 patribus
1083 611 1256 644 nominati
1283 612 1363 651 viri,
1390 617 1451 645 aut
1477 624 1498 646 a
1523 613 1648 652 colore,
1675 615 1716 645 ut

334 666 460 708 Albus,
484 667 608 714 Niger,
635 667 783 707 Fuscus,
809 667 956 707 Viridis,
979 667 1181 707 Caeruleus,
1207 673 1242 701 et
1268 668 1484 713 hujusmodi.
1535 669 1615 703 Rex
1632 679 1716 714 ergo

333 724 447 758 victor
463 735 543 758 eum
561 725 714 768 praediis
737 724 864 768 opimis
888 724 1045 764 donavit,
1067 736 1157 768 quae
1180 725 1286 758 etiam
1311 725 1414 759 hodie
1438 725 1713 772 Douglasdaille,

335 781 371 814 id
389 785 453 821 est,
478 781 757 827 Douglasiorum
784 782 897 822 vallis,
925 786 1082 821 vocatur,
1109 786 1144 815 et
1169 782 1213 815 ab
1236 782 1297 815 illo
1319 787 1448 816 eventu
1472 787 1611 828 gentem
1639 793 1715 816 eam

334 842 562 883 posterosque
580 849 702 872 omnes
725 838 937 884 Douglasios
962 839 1079 875 vocari
1102 840 1178 884 lege
1196 841 1325 872 sanxit.
1376 839 1497 884 Hujus
1523 844 1623 883 pater
1648 839 1716 873 fuit

333 906 397 929 rex
428 895 632 935 Mordacus,
662 897 722 930 sed
748 896 822 940 ipse
847 895 1000 929 factione
1025 895 1120 928 civili
1145 897 1267 940 pulsus
1298 896 1336 929 in
1366 896 1547 942 Norvegia
1572 897 1716 930 delitue-

333 957 400 992 rat,
427 963 467 986 ac
493 957 579 987 tunc
603 954 746 998 quidem
773 953 916 986 domum
943 953 1114 987 redierat:
1141 953 1233 987 filius
1260 954 1336 999 ejus
1364 953 1485 999 Hugo,
1511 964 1591 987 cum
1617 965 1657 987 eo
1682 958 1717 987 et

332 1011 416 1043 exul
434 1014 469 1044 et
486 1010 610 1050 redux‘,
627 1011 715 1044 duos
732 1010 821 1044 filios
840 1011 1004 1054 suscepit,
1022 1010 1238 1044 Gulielmum
1253 1016 1286 1044 et
1303 1010 1514 1056 Hugonem3
1542 1011 1717 1055 posterior

333 1067 477 1112 quidem
505 1073 671 1112 paternas
701 1068 796 1101 domi
822 1068 1057 1112 possessiones
1084 1068 1209 1107 tenuit,
1236 1068 1453 1112 stirpemque
1479 1069 1715 1114 propagavit;

333 1126 423 1159 alter
448 1136 528 1159 cum
556 1124 733 1159 Gulielmo
759 1125 905 1159 Archaii
931 1125 1025 1170 regis
1052 1124 1162 1158 fratre
1183 1126 1222 1158 in
1249 1125 1401 1165 Italiam,
1429 1126 1610 1170 copiarum
1637 1126 1719 1159 Sco-

334 1183 496 1222 ticarum,
515 1182 642 1216 Carolo
660 1182 795 1228 Magno
814 1182 1056 1222 militantium,
1083 1182 1218 1222 ductor,
1245 1187 1280 1216 et
1306 1194 1386 1216 cum
1412 1183 1450 1216 in
1475 1183 1638 1217 morbum
1663 1183 1719 1216 in-

335 1240 487 1280 cidisset,
508 1240 670 1273 substitit
690 1239 910 1278 Placentiae3
943 1239 1101 1273 discussa
1123 1251 1207 1273 vero
1233 1241 1446 1280 valetudine,
1465 1240 1628 1284 Spettini,
1650 1240 1718 1273 viri

335 1298 545 1331 auctoritate
571 1303 606 1330 et
636 1297 761 1341 opibus
790 1297 926 1341 inclyti,
952 1297 1060 1330 filiam
1087 1297 1124 1329 in
1150 1308 1297 1330 uxorem
1323 1297 1438 1336 duxit,
1466 1298 1559 1331 unde
1585 1297 1720 1330 familia

335 1355 439 1389 Scota
467 1355 609 1394 ibidem,
643 1354 840 1387 incredibili
870 1354 1065 1393 literarum,
1095 1364 1286 1393 armorum,
1312 1355 1510 1388 sanctitatis
1537 1355 1721 1398 splendore

334 1413 480 1456 pollens,
513 1412 684 1456 originem
716 1410 839 1450 trahit,
875 1422 982 1454 quam
1012 1415 1063 1450 tu,
1094 1411 1331 1444 illustrissime
1365 1410 1455 1444 Fabi
1490 1422 1615 1450 comes,
1650 1421 1721 1444 non

336 1468 533 1514 vulgariter
574 1467 773 1507 munificus,
818 1467 979 1507 blandus,
1016 1479 1136 1501 rerum
1179 1468 1396 1513 agendarum
1439 1468 1721 1507 callentissimus,

335 1537 497 1560 exornas.
540 1524 616 1559 Nec
645 1525 734 1558 illud
763 1524 906 1569 quidem
938 1525 1080 1569 probari
1111 1525 1273 1564 arduum,
1303 1536 1386 1558 nam
1416 1530 1554 1569 praeter
1581 1526 1723 1559 histori-

336 1595 394 1618 cos
419 1583 644 1617 Placentinos
670 1587 705 1616 et
731 1582 865 1622 Scotos,
891 1583 1046 1628 insignia
1063 1583 1099 1616 id
1118 1587 1254 1622 notant,
1283 1587 1303 1601 ‘⁶
1322 1587 1393 1615 tres
1420 1583 1540 1616 stellae
1567 1583 1603 1616 in
1630 1594 1722 1616 cam-

337 1653 384 1686 po
414 1642 574 1675 caeruleo
589 1641 620 1681 ;'’
650 1645 685 1674 et
714 1641 796 1673 licet
825 1639 1022 1674 Placentini
1048 1650 1208 1683 proceres
1238 1650 1331 1672 nunc
1357 1640 1444 1673 duas
1475 1644 1615 1673 tantum
1641 1642 1722 1674 stel-

337 1701 388 1733 las
422 1697 635 1742 praeferant,
671 1701 791 1730 tamen
825 1697 946 1730 eadem
980 1701 1200 1742 argumenta,
1235 1707 1307 1729 una
1340 1697 1434 1729 enim
1469 1707 1591 1729 earum
1626 1697 1721 1730 civili

338 1755 547 1789 Guelforum
576 1754 728 1788 factione
758 1754 875 1787 ablata
903 1754 1113 1799 rejectaque.
1177 1752 1274 1786 Haec
1309 1753 1451 1796 quidem
1486 1753 1605 1787 omnia
1633 1754 1722 1787 liber

338 1813 490 1846 habebat
527 1811 605 1845 MS.
649 1811 802 1856 eleganti
836 1815 871 1844 et
905 1811 1056 1856 oblongo
1090 1810 1299 1849 charactere,
1333 1821 1404 1854 quo
1437 1810 1604 1844 utebatur
1638 1810 1721 1844 Ale-

339 1870 473 1904 xander
506 1869 648 1908 Duffus,
683 1869 848 1902 dominus
883 1867 1088 1901 Tillisaulae
1122 1878 1230 1911 prope
1265 1866 1552 1912 Strathbolgiam,
1596 1873 1637 1902 ut
1669 1880 1722 1902 re-

339 1927 408 1962 fert
449 1926 762 1961 excellentissimus
805 1925 1002 1959 Gulielmus
1043 1924 1259 1969 Douglasius
1302 1935 1416 1957 comes
1459 1923 1641 1970 Augusiae
1684 1926 1721 1958 in

341 1985 415 2019 suis
447 1984 752 2019 observationibus
780 1983 817 2016 in
845 1983 960 2026 prima
987 1982 1211 2027 relegatione,
1240 1992 1330 2025 quae
1356 1981 1549 2015 etiamnum
1576 1988 1721 2016 extant:

340 2053 420 2076 cum
450 2046 568 2075 autem
597 2040 796 2075 Gulielmus
827 2040 904 2085 ejus
930 2039 1034 2079 filius,
1062 2039 1124 2083 qui
1154 2039 1258 2072 hodie
1285 2050 1399 2072 comes
1430 2043 1482 2072 est
1508 2040 1610 2085 longe
1638 2040 1722 2083 piis-

340 2100 451 2134 simus
486 2110 526 2132 ac
559 2098 837 2143 potentissimus,
873 2096 1117 2131 Alexandrum
1155 2095 1301 2140 Hayum
1340 2100 1484 2137 orasset,
1526 2102 1723 2131 senatorem

341 2157 491 2202 regium,
509 2167 549 2189 ac
567 2156 704 2190 scriniis
727 2155 955 2199 praefectum,
980 2154 1084 2187 vellet
1111 2154 1155 2187 ab
1178 2154 1290 2187 amico
1315 2164 1380 2187 suo
1405 2153 1513 2187 Duffo
1540 2154 1616 2199 ejus
1642 2155 1723 2188 libri

342 2215 477 2259 copiam
495 2214 669 2257 tantisper
691 2220 820 2257 petere,
847 2212 1016 2256 comperit
1042 2222 1133 2250 eum,
1159 2222 1238 2244 eum
1263 2211 1347 2245 totis
1372 2211 1527 2251 aedibus,
1551 2212 1724 2245 subitario

341 2273 423 2318 igne
448 2276 707 2314 consumptum,
733 2275 775 2304 ut
799 2270 936 2304 iteratis
961 2268 1243 2303 excellentissimi
1269 2269 1425 2313 ejusdem
1449 2269 1587 2302 comitis
1611 2269 1723 2302 literis

342 2329 459 2362 didici.
511 2327 570 2361 Ex
588 2328 653 2361 hoc
670 2328 792 2372 liquet,
815 2338 924 2372 quam
947 2337 1074 2370 parum
1101 2328 1261 2360 consulto
1287 2325 1442 2360 Joannes
1469 2326 1636 2360 Leslaeus
1663 2327 1722 2360 lib.

342 2395 413 2419 vu.
446 2386 512 2420 sub
529 2386 674 2420 initium
697 2385 838 2425 scribat,
864 2385 954 2418 hanc
979 2383 1254 2430 Douglasiorum
1281 2383 1450 2418 familiam
1476 2384 1543 2417 sub
1569 2383 1724 2419 Roberto

343 2444 476 2478 Brucio
494 2455 575 2489 rege
593 2454 685 2477 anno
705 2451 853 2476 Mcccv.
872 2447 997 2476 ortam.
