2032 2912
366 322 430 354 286
751 322 984 354 HISTORIA
1009 322 1387 356 ECCLESIASTICA

370 419 428 452 hic
447 419 549 457 vixit,
568 423 609 451 ut
627 418 850 462 praecedens,
868 418 929 452 sed
947 419 985 451 in
1004 417 1131 459 Gallia,
1152 424 1186 453 et
1207 419 1331 454 Trecis
1361 420 1505 465 quidem
1521 431 1530 461 3
1559 432 1622 455 nec
1648 422 1773 455 eremi—

371 481 408 510 ta
442 480 506 510 aut
540 475 825 514 archidiaconus,
860 476 920 509 sed
952 476 1072 516 abbas,
1105 482 1179 517 aut,
1206 482 1248 511 ut
1275 478 1367 511 male
1395 476 1611 520 Galesinius,
1640 480 1773 524 episco-

369 545 447 577 pus,
474 537 657 567 utcontra
682 544 764 567 eum
791 534 902 567 sentit
929 533 1107 569 Baronius
1135 536 1179 569 ad
1210 535 1513 582 Martyrologium
1543 536 1771 571 Romanum:

369 592 476 625 habet
501 592 538 625 in
565 590 782 638 Burgundia
807 592 987 625 ecclesiam
1015 604 1080 627 suo
1107 594 1243 627 nomini
1270 594 1436 634 dicatam,
1468 594 1529 628 ubi
1560 606 1689 639 corpus
1720 606 1771 628 re-

369 649 530 694 quiescit,
561 654 597 683 et
626 649 733 683 aliam
762 650 799 683 in
831 660 872 683 ea
900 655 1001 694 parte
1029 650 1265 696 Argathaliae
1296 652 1333 685 in
1363 651 1494 692 Scofia,
1521 664 1613 697 quae
1640 653 1773 687 dicitur

370 707 584 752 Knapdalia.

420 765 561 799 Claruit
578 777 673 800 anno
691 774 850 800 Dcxvn.
896 766 1038 801 Colitur
1056 776 1145 801 XXI.
1164 768 1266 802 Maii.
1314 768 1461 802 Praeter
1479 770 1654 809 laudatos,
1674 769 1772 803 Beda

370 829 404 858 et
423 824 515 863 Ado,
536 835 616 858 cum
638 823 794 859 Molano.

845 941 879 975 S.
908 941 1166 976 FINIANUS.
1219 945 1301 978 521.

370 1060 405 1093 S.
437 1059 646 1093 FINIANUS
682 1057 810 1093 Scotus
845 1058 965 1099 abbas,
1001 1058 1165 1093 diversus
1196 1059 1241 1093 ab
1274 1059 1354 1093 aliis
1383 1060 1446 1104 qui
1475 1061 1599 1095 eodem
1630 1061 1773 1095 nomine

372 1129 481 1163 supra
507 1122 721 1157 censentur3
749 1128 812 1151 nec
838 1128 961 1151 rarum
989 1122 1043 1151 est
1069 1117 1107 1151 in
1134 1122 1257 1151 nostra
1280 1125 1387 1164 gente
1417 1124 1559 1154 sanctos
1587 1120 1774 1164 plerosque

369 1188 442 1211 uno
460 1176 604 1210 nomine
630 1180 665 1210 et
691 1175 812 1210 eodem
841 1175 1115 1220 deprehendere,
1143 1182 1185 1210 ut
1216 1177 1254 1210 in
1281 1176 1500 1218 Colmannis,
1527 1177 1771 1218 Columbanis,

370 1236 542 1281 Brigidis,
561 1235 725 1274 Donatis,
744 1238 779 1268 et
798 1234 877 1268 aliis
892 1235 1026 1279 liquet:
1054 1246 1161 1279 porro
1180 1235 1237 1269 hic
1255 1236 1422 1269 omnibus
1446 1236 1525 1270 aliis
1552 1236 1661 1281 prior,
1689 1247 1772 1270 nam

370 1305 413 1327 ex
432 1293 649 1327 Keldeorum
667 1304 795 1338 genere
814 1297 933 1327 ortum
952 1293 1076 1327 scribit
1094 1292 1346 1327 veremundus
1373 1295 1469 1338 apud
1491 1293 1515 1327 J
1517 1305 1668 1328 oannem
1696 1293 1774 1327 Sin-

372 1353 517 1385 clarum.
570 1351 722 1395 Scripsit

518 1409 573 1443 De
590 1408 678 1444 Vita
696 1409 731 1443 S.
751 1409 903 1443 Eusebii
1344 1410 1403 1444 lib.
1425 1419 1451 1444 1.
1471 1415 1506 1444 et
1524 1411 1606 1444 alia.

422 1468 564 1502 Floruit
578 1478 672 1502 anno
684 1476 831 1502 ccccn.
868 1467 1009 1502 Colitur
1021 1477 1128 1502 XXII.
1145 1467 1251 1503 Febr.
1290 1468 1773 1515 Martyrolog.Carthusian.

840 1584 874 1618 S.
903 1584 1166 1619 FIRMINUS.
1219 1586 1301 1619 522.

373 1703 407 1737 S.
432 1703 645 1737 FIRMINUS
671 1702 808 1742 Scotus,
834 1701 872 1735 in
893 1702 1011 1746 patria
1037 1701 1082 1735 ab
1105 1700 1141 1735 S.
1173 1700 1337 1736 Honesto
1355 1702 1565 1747 presbytero
1589 1703 1773 1742 educatus,

372 1762 417 1795 ad
444 1761 479 1796 S.
506 1762 748 1801 Honoratum,
776 1759 999 1795 Tolosanum
1022 1760 1240 1805 episcopum,
1267 1761 1411 1801 missus,
1437 1762 1570 1796 multos
1595 1762 1634 1795 in
1658 1760 1774 1806 Aqui-

372 1821 471 1855 tania
494 1821 538 1855 ad
561 1819 667 1854 fidem
695 1819 885 1859 convertit,
910 1824 952 1854 ut
977 1820 1014 1853 in
1039 1830 1077 1853 re
1104 1819 1200 1853 illius
1227 1820 1345 1865 gentis
1377 1821 1560 1865 apostolus
1588 1820 1773 1859 habeatur,

372 1885 406 1913 et
435 1879 626 1925 Andegavi
652 1878 768 1924 spatio
791 1887 859 1911 XL.
892 1878 1031 1912 dierum
1057 1878 1128 1912 tria
1152 1878 1267 1912 millia
1291 1878 1478 1913 hominum
1506 1879 1551 1913 ab
1575 1890 1694 1912 errore
1721 1890 1774 1913 re-

375 1938 497 1978 traxit,
517 1942 552 1972 et
576 1937 791 1982 baptismate
809 1936 984 1981 perfudit,
1003 1941 1045 1971 ut
1062 1937 1133 1970 late
1151 1940 1277 1970 narrat
1296 1935 1427 1971 Petrus
1456 1937 1516 1970 lib.
1538 1945 1627 1970 V111.
1659 1938 1774 1982 capite

374 2005 488 2030 cxlx.
525 1997 668 2030 demum
711 1994 933 2029 Ambianum
973 1995 1123 2040 appulit,
1168 2000 1204 2029 et
1238 1996 1377 2039 primus
1413 1995 1509 2030 illius
1544 1995 1583 2029 in
1618 1995 1773 2029 Morinis

373 2055 621 2090 celeberrimae
656 2054 814 2088 civitatis
845 2054 1043 2098 episcopus,
1079 2059 1120 2087 ut
1149 2052 1390 2087 Demochares
1427 2057 1462 2087 et
1496 2053 1663 2093 tabulae3
1695 2058 1773 2087 tum

373 2126 393 2147 a
412 2114 621 2148 Rictionaro
639 2113 812 2158 praeside,
833 2123 877 2146 ne
894 2112 993 2156 plebs
1020 2112 1218 2146 tumultum
1245 2112 1452 2152 concitaret,
1480 2112 1518 2146 in
1549 2123 1688 2146 carcere
1716 2112 1775 2145 de-

374 2173 494 2206 collari
509 2172 645 2218 jussus,
664 2171 831 2216 martyrii
850 2171 1007 2215 palmam
1026 2170 1193 2216 gloriosis
1212 2170 1379 2214 operibus
1397 2170 1567 2215 percepit.
1605 2175 1626 2190 ‘⁶
1645 2170 1689 2204 In
1709 2170 1774 2204 Hi-

376 2230 515 2264 berniae
542 2230 705 2275 partibus
732 2229 851 2264 ortus”
878 2229 1078 2275 hagiologis
1105 2229 1247 2269 dicitur,
1277 2229 1363 2273 quia
1387 2229 1520 2263 scilicet
1549 2229 1660 2273 priori
1687 2239 1775 2262 aevo

375 2299 395 2321 a
414 2289 646 2332 scriptoribus
666 2287 846 2322 Hibernia
870 2288 1028 2322 sumitur
1050 2298 1116 2331 pro
1143 2286 1275 2327 Scotia,
1299 2291 1342 2321 ut
1360 2287 1398 2321 in
1417 2286 1683 2332 Martyrologio
1702 2286 1775 2321 Ro-

374 2357 492 2386 mano,
519 2346 604 2391 quia
631 2346 764 2380 scilicet
791 2345 912 2380 Scotia
935 2346 1078 2390 duplex,
1105 2346 1212 2390 plana
1247 2356 1311 2379 seu
1339 2345 1562 2389 campestris,
1596 2344 1773 2378 Hibernia

375 2415 437 2438 seu
456 2409 637 2444 montana,
656 2409 698 2438 ut
716 2408 854 2444 notum,
873 2409 909 2438 et
927 2404 1011 2438 alibi
1038 2403 1105 2438 hoc
1131 2414 1236 2448 opere
1261 2403 1365 2444 fuse;
1392 2409 1435 2437 ut
1458 2403 1625 2437 omittam
1653 2406 1774 2436 aucto-

375 2462 517 2496 ritatem
537 2461 793 2496 Scotichronici
811 2462 872 2496 lib.
889 2470 941 2495 IV.
958 2473 1034 2507 cap.
1053 2470 1110 2495 lx.
1132 2466 1152 2480 ‘⁶
1168 2460 1248 2495 Hoc
1261 2466 1421 2506 tempore
1437 2460 1622 2495 Firminus
1637 2460 1674 2494 in
1689 2459 1774 2494 Gal-
