2032 2912
339 323 403 353 310
733 318 967 353 HISTORIA
991 319 1368 353 ECCLESIASTICA

340 422 506 462 poterant
536 415 667 460 spiritu
697 415 742 449 ad
772 415 938 461 martyrii
964 426 1132 450 coronam
1158 415 1408 451 accendebant.
1466 414 1603 450 Verum
1630 415 1743 452 Guni—

343 476 466 510 baldus
485 478 621 518 captus,
639 477 788 508 cruento
805 477 985 508 mactatur
1001 473 1154 519 gladio.’'
1206 473 1338 508 Totam
1356 473 1484 508 deinde
1500 474 1628 508 seriem
1652 485 1743 508 mar-

342 533 428 578 tyrii
447 532 483 566 S.
503 530 707 565 Gunifortis
726 531 927 577 subjungit,
945 535 987 565 ut
1005 531 1252 566 Mediolanum
1270 532 1419 572 venerit,
1443 536 1485 566 ut
1503 531 1646 578 sagittis
1664 543 1746 566 con-

342 593 433 625 fixus
451 590 572 631 fuerit,
590 594 632 625 ut
656 589 826 625 Ticinum
850 590 975 625 divino
998 591 1141 625 monitu
1162 591 1358 631 devenerit,
1382 595 1424 626 ut
1448 590 1487 625 in
1509 591 1744 636 paupertinae

341 660 431 683 anus
449 648 598 695 tugurio
615 648 861 690 obdormierit,
878 653 921 683 ut
938 660 1059 684 sacrae
1072 648 1122 683 ibi
1136 648 1308 694 reliquiae
1323 653 1564 684 asserventur.
1602 648 1744 694 Scripta

342 706 556 741 interierunt
575 706 708 747 omnia,
728 706 852 751 siquae
869 707 1027 752 reliquit.

348 784 350 786 v
388 764 520 798 Passus
539 768 593 798 est
609 764 826 810 martyrium
844 776 939 799 anno
957 773 1165 800 ccccxvn.
1183 770 1226 800 ut
1242 765 1381 811 opinor.

774 881 819 915 B.
847 879 1172 917 GANFREDUS.
1225 883 1309 920 577.

342 999 384 1032 B.
421 998 680 1032 GANFREDUS
720 997 848 1032 Scotus
891 998 1131 1032 monasticum
1173 996 1421 1032 cisterciensis
1464 998 1600 1033 ordinis
1643 999 1742 1034 habi-

340 1063 418 1091 tum
453 1056 686 1090 Altissiodori
728 1056 860 1096 induit,
895 1056 1048 1101 diligens
1084 1056 1184 1091 Petri
1218 1055 1393 1090 Abelardi
1428 1056 1583 1098 auditor,
1621 1062 1663 1091 ut
1698 1068 1743 1092 ex

341 1115 490 1159 epistola
515 1113 629 1158 ipsius
655 1113 775 1154 didici,
803 1125 896 1158 quae
921 1114 960 1147 in
987 1113 1227 1149 paracletensi
1257 1114 1295 1148 in
1326 1113 1542 1148 Tricassinis
1573 1115 1742 1150 coenobio

340 1173 418 1206 MS.
438 1176 655 1206 asservatur.
708 1171 778 1206 Sed
795 1172 969 1218 magistro
988 1183 1053 1206 suo
1070 1172 1288 1219 genitalibus
1306 1172 1435 1207 misere
1452 1173 1686 1213 detruncatis,
1706 1179 1742 1208 et

339 1231 501 1264 doctrina
517 1229 631 1274 ipsius
649 1241 671 1264 a
687 1229 867 1275 plerisque
885 1230 1065 1271 damnata,
1086 1231 1131 1264 ad
1149 1229 1196 1264 D.
1215 1229 1444 1265 Bernardum
1470 1230 1644 1277 confugit,
1670 1232 1738 1266 sub

339 1290 441 1335 cujus
472 1288 699 1323 sanctissima
728 1288 855 1334 regula
879 1299 952 1322 non
977 1288 1205 1322 mediocriter
1230 1293 1266 1323 et
1290 1288 1438 1334 pietatis
1466 1293 1502 1323 et
1527 1289 1740 1324 eruditionis

338 1348 470 1381 famam
504 1346 616 1381 auxit.
682 1346 814 1381 Eidem
846 1350 968 1381 sancto
998 1346 1044 1381 ab
1077 1346 1250 1392 epistolis,
1286 1346 1364 1382 sive
1397 1347 1574 1383 notarius.
1643 1347 1740 1394 Ejus

339 1409 444 1439 sunt:

489 1463 671 1499 Praefatio
688 1464 727 1498 in
743 1464 804 1499 lib.
825 1473 887 1498 111.
914 1464 958 1499 de
979 1464 1067 1500 Vita
1090 1465 1127 1499 S.
1146 1464 1336 1505 Bernardi,
1363 1465 1459 1509 apud
1486 1464 1633 1499 Surium
1653 1469 1737 1500 tom.

538 1530 592 1556 IV.
610 1533 690 1568 pag.
709 1531 833 1557 CCLII.
1200 1522 1262 1557 lib.
1284 1531 1310 1556 1.

487 1579 623 1614 Contra
640 1580 791 1614 Petrum
809 1579 1032 1615 Abelardum
1198 1580 1260 1614 lib.
1281 1588 1306 1614 1.
1359 1579 1497 1615 Contra
1513 1580 1609 1615 hunc
1626 1581 1736 1616 etiam

538 1637 585 1671 D.
611 1636 819 1678 AnseImus,
844 1636 1115 1672 Cantuariensis
1136 1636 1435 1682 archiepiscopus,
1463 1637 1651 1682 epistolam
1668 1639 1740 1673 edi-

539 1694 603 1735 dit,
624 1700 660 1729 et
677 1696 847 1730 volumen
864 1695 1008 1740 scripsit
1025 1695 1071 1729 ad
1093 1694 1345 1730 Innocentium
1363 1694 1413 1729 ΙΙ.
1440 1695 1486 1730 D.
1505 1695 1713 1731 Bernardus
1729 1707 1738 1731 ε

537 1764 673 1788 errores
705 1753 866 1800 singulos
896 1754 934 1788 in
964 1753 1088 1788 tabula
1116 1754 1264 1788 collocat
1294 1753 1426 1789 Petrus
1456 1754 1500 1789 de
1532 1754 1737 1801 Pargam03

537 1811 683 1846 tandem
701 1812 871 1846 damnata
893 1812 971 1858 ejus
993 1812 1150 1848 haeresis
1174 1823 1269 1846 anno
1296 1821 1508 1848 MCXXXIV.
1535 1816 1572 1847 et
1596 1813 1739 1860 impug-

535 1874 599 1904 nat
625 1869 758 1915 ubique
788 1869 836 1904 D.
868 1869 1028 1905 Thomas
1057 1869 1236 1915 Aquinas,
1267 1869 1465 1904 Sebastian.
1505 1869 1663 1905 Medices
1699 1871 1738 1905 in

537 1926 687 1963 Summa
714 1928 916 1963 Haeresum
941 1939 1024 1975 pag.
1048 1936 1248 1962 DLXXXII.
1301 1927 1412 1962 Hunc
1441 1936 1562 1962 tamen
1587 1927 1738 1963 Abelar-

537 1986 636 2025 dum,
654 1987 822 2021 omnibus
840 1987 1007 2032 operibus
1025 1996 1142 2031 nuper
1159 1985 1328 2021 Lutetiae
1353 1985 1557 2031 publicatis,
1584 1985 1629 2020 ab
1654 1986 1737 2021 hae-

534 2045 622 2079 resis
658 2045 860 2089 suspicione
899 2045 1059 2079 vindicat
1097 2043 1228 2079 Petrus
1266 2043 1494 2085 Ambrosius,
1531 2043 1734 2079 libellorum

538 2103 741 2148 supplicum
760 2102 958 2149 magister3
986 2102 1118 2138 viderit
1135 2112 1207 2148 qua
1223 2101 1303 2137 fide.

485 2159 530 2194 In
547 2159 794 2207 Apocalypsin
809 2159 834 2193 J
836 2161 962 2196 oannis
1277 2160 1339 2195 lib.
1359 2169 1385 2195 1.

484 2216 732 2262 Epistolarum
750 2219 796 2253 ad
813 2219 973 2253 diversos
1274 2219 1335 2254 lib.
1355 2228 1382 2253 Ι.
1429 2229 1583 2263 quarum
1628 2230 1736 2264 quae-

537 2276 631 2316 dam,
649 2284 692 2311 ut
709 2276 797 2318 dixi,
817 2275 922 2311 MSS.
941 2276 991 2311 ibi
1008 2282 1144 2319 extant,
1171 2281 1207 2313 et
1230 2277 1327 2322 apud
1351 2276 1507 2311 Paulum
1531 2276 1734 2317 Petavium‚

536 2338 571 2367 et
587 2334 711 2368 laudat
728 2333 913 2370 Arnoldus
931 2333 1055 2371 Uvion
1070 2335 1130 2370 lib.
1150 2344 1175 2370 1.
1194 2335 1276 2382 Lig.
1295 2334 1403 2370 Vitae
1419 2345 1502 2382 pag.
1523 2343 1672 2369 Lxxlx.

389 2390 530 2426 Floruit
546 2402 640 2427 anno
659 2401 787 2427 MCLx.
