2032 2912
342 296 404 326 104
716 293 947 326 HISTORIA
970 292 1343 325 ECCLESIASTICA

488 387 544 422 De
560 387 758 433 praecipuis
776 386 878 421 Fidei
896 386 1082 446 Mysteriis
1330 386 1391 420 lib.
1411 396 1437 421 1.

489 444 738 489 Variloquium
758 443 976 478 Hebraicum
1273 454 1275 456 ’
1329 443 1391 478 lib.
1412 452 1437 478 1.

490 501 729 536 controversa
745 500 848 535 Fidei
867 500 996 546 Capita
1331 500 1391 535 lib.
1413 509 1438 535 Ι.

491 558 717 593 Evictionem
735 558 989 593 Ministrorum
1008 558 1147 593 Scotiae
1321 558 1394 593 lib.
1415 566 1440 592 1.

391 616 424 650 V
425 616 492 650 ivit
509 616 635 656 adhuc,
653 621 699 656 et,
717 621 759 650 ut
776 620 875 661 puto,
893 614 962 650 Dei
979 615 1159 662 gloriam
1148 626 1187 649 m
1204 615 1323 650 Scotia
1340 626 1479 677 gnavus
1497 621 1674 687 procurat,
1703 622 1736 650 et

342 674 447 708 audio
461 673 686 719 jampridem·
693 674 894 718 squalorem
912 673 1060 707 carceris
1080 672 1286 708 declinasse.
1671 684 1673 686 ’

675 787 974 823 GULIELMUS
1000 786 1253 822 BECKLEY.
1307 790 1390 826 187.

341 906 589 939 GULIELMUS
606 903 763 949 Beckley
780 902 987 943 Carmelita,
1005 902 1137 936 eximia
1153 903 1352 937 eruditione
1370 904 1411 937 ac
1434 903 1566 947 pietate
1589 903 1736 949 insigni,

339 961 552 996 monachum
569 961 607 995 in
625 960 742 995 Scotia
761 960 890 1000 induit,
909 965 986 995 tum
1004 960 1141 1005 patriae
1158 959 1234 994 fato
1253 960 1336 993 exul
1353 959 1469 994 factus
1487 960 1526 993 in
1544 958 1680 994 Gallias
1699 971 1736 994 se

339 1019 501 1060 contulit,
524 1023 601 1053 tum
625 1029 647 1052 a
669 1029 752 1064 rege
778 1017 916 1052 Sco'tiae
938 1017 1072 1052 Jacobo
1096 1016 1166 1051 ΙΙΙ.
1191 1017 1339 1051 domum
1362 1021 1549 1052 revocatus
1573 1017 1737 1052 substitit

337 1077 376 1110 in
394 1075 540 1122 Anglia,
560 1080 600 1110 ut
617 1076 656 1109 in
674 1074 948 1110 Collectionibus
967 1073 1119 1109 Gilberti
1142 1074 1283 1109 Brouni
1305 1074 1467 1109 habetur.
1520 1074 1733 1120 Imprudens

338 1138 391 1168 est
408 1133 432 1167 J
434 1136 564 1168 oannes
583 1133 758 1173 Pitsaeus,
776 1131 839 1177 qui
853 1131 1018 1178 Anglum
1036 1131 1133 1172 facit,
1148 1142 1230 1166 cum
1244 1131 1390 1167 Scotum
1403 1137 1544 1177 praeter
1557 1137 1734 1167 nostrates

338 1202 418 1225 eum
448 1190 556 1225 faciat
581 1190 627 1224 R.
655 1190 697 1224 P.
725 1190 778 1224 M.
805 1188 964 1224 Thomas
995 1188 1202 1231 Saracenus,
1233 1200 1352 1224 sacrae
1382 1189 1581 1236 theologiae
1612 1189 1736 1224 doctor

339 1248 586 1289 Bononiensis,
606 1253 641 1283 et
658 1247 845 1282 Ferrariae
862 1246 1096 1292 exprofessor.
1149 1245 1300 1292 Scripsit

486 1305 698 1345 Quodlibeta
715 1304 890 1350 quaedam
1328 1304 1389 1348 lib.
1410 1314 1435 1339 1.

485 1362 540 1397 De
558 1362 846 1397 Fraterculorum
864 1361 1020 1396 Decimis
1329 1362 1390 1396 lib.
1412 1371 1437 1396 1.

488 1420 720 1460 Quaestiones
739 1419 935 1454 ordinarias
1328 1420 1389 1454 lib.
1409 1428 1434 1453 Ι.

488 1477 682 1512 Conciones
700 1477 817 1511 varias
1330 1477 1390 1511 lib.
1412 1486 1436 1511 1.

390 1535 530 1570 Floruit
547 1545 640 1570 anno
659 1543 980 1570 Meccexxxvm.

682 1648 1001 1684 WILHELMUS
1026 1648 1251 1685 BENYNG.
1306 1652 1387 1685 188.

339 1766 606 1800 W1LHELMUS
624 1764 789 1811 Benyng,
807 1764 905 1809 prior
922 1764 965 1799 de
983 1763 1188 1806 Neubottel‚
1206 1769 1242 1800 et
1258 1769 1383 1810 postea
1398 1765 1506 1801 abbas
1525 1766 1649 1813 Cupri,
1677 1770 1733 1802 vir

338 1823 470 1869 insigni
483 1823 626 1868 pietate,
640 1833 704 1856 nec
717 1822 853 1856 minore
866 1823 1063 1862 literatura,
1077 1822 1233 1869 religiosi
1249 1823 1324 1858 voti
1342 1823 1493 1870 diligens
1511 1824 1729 1866 observator,

336 1880 476 1925 scripsit

484 1936 540 1972 De
553 1936 639 1972 Vita
653 1936 773 1972 Sancti
787 1936 810 1970 J
812 1948 844 1972 o.
859 1935 967 1978 Scoti‚
980 1938 1056 1972 nati
1070 1938 1108 1972 in
1121 1939 1205 1973 villa
1220 1938 1363 1973 Podoen
1375 1949 1485 1984 prope
1498 1939 1673 1975 Cestriam
1693 1943 1729 1975 in

533 1994 679 2041 Anglia,
697 1995 758 2029 sed
776 1994 903 2028 deinde
920 1993 1041 2029 Sancti
1059 1995 1225 2031 Andreae
1243 1996 1398 2041 episcopi
1415 1997 1528 2038 electi,
1547 1998 1608 2033 lib.
1628 2008 1653 2032 1.

387 2051 489 2086 Vixit
515 2063 608 2086 anno
635 2060 908 2086 MCLXXXVIII.
960 2051 1173 2099 Elegantem
1199 2064 1305 2098 porro
1327 2054 1429 2088 illum
1447 2054 1606 2090 libellum
1626 2063 1730 2090 vocat

339 2109 624 2144 Scotichronicon
641 2109 702 2143 lib.
722 2118 777 2143 Vl.
795 2120 871 2154 cap.
892 2118 959 2144 XL.
1011 2109 1096 2145 Alia
1120 2111 1242 2151 edidit,
1268 2111 1328 2145 sed
1355 2122 1427 2146 non
1454 2117 1589 2153 extant,
1617 2124 1732 2158 neque

336 2167 449 2210 apices
467 2166 511 2201 ad
529 2177 584 2200 me
603 2171 789 2202 venerunt.

652 2238 984 2300 jALEXANDER
1010 2265 1261 2302 BETONus.
1315 2270 1397 2306 189.

337 2337 608 2372 ALEXANDER
650 2338 821 2380 Betonus,
863 2340 992 2376 nobilis
1035 2352 1174 2388 genere,
1218 2353 1282 2377 nec
1326 2343 1460 2378 virtute
1502 2343 1647 2388 dispari,
1690 2345 1727 2377 iu

339 2394 513 2428 Patavino
564 2393 681 2440 Lyceo
732 2397 924 2432 medicinae
974 2398 1097 2434 doctor
1146 2411 1218 2435 non
1271 2401 1322 2435 ita
1364 2400 1501 2445 pridem
1545 2401 1729 2435 renuncia-
