2032 2912
722 346 899 382 GENTIS
922 346 1200 386 SCOTORUM,
1223 346 1312 379 LIB.
1338 345 1397 378 IV.
1695 348 1755 378 211

518 444 573 478 De
591 442 750 477 Ecclesia
767 443 905 477 Scotica
1259 442 1320 476 lib.
1340 450 1365 475 1.
1384 440 1480 486 quod
1496 451 1585 486 opus
1602 440 1756 476 Jacobus

566 501 700 546 Tyrius
718 500 853 534 fatetur
869 511 906 533 se
924 499 1064 533 vidisse.

421 559 562 594 Floruit
578 569 672 593 anno
690 565 858 592 ncmnv.
910 556 1066 591 Joannes
1084 555 1253 591 Leslaeus
1270 557 1329 592 lib.
1349 565 1401 591 IV.
1420 569 1501 604 pag.
1521 566 1632 592 cmx.
1688 556 1755 592 Co-

368 618 457 652 litur
475 627 500 652 1.
518 616 543 650 J
544 616 632 651 unii.
676 615 839 650 Breviar.
858 613 952 648 Scot.

875 728 911 763 S.
937 727 1065 763 DARI
1067 727 1114 762 A.
1166 730 1249 763 385.

366 847 402 882 S.
429 847 579 888 DARIA,
603 846 712 881 vidua
738 845 961 880 sanctissima
987 843 1102 884 Scota,
1129 843 1164 878 S.
1189 843 1311 878 Mauri
1337 844 1433 880 Scoti
1458 846 1627 892 principis
1652 858 1754 888 uxor,

367 905 403 939 S.
422 904 588 945 Ursulae,
606 904 788 949 virgineae
805 903 954 949 legionis
972 902 1083 942 ducis,
1105 906 1228 936 mater.
1282 902 1411 937 Petrus
1428 904 1489 938 lib.
1510 913 1567 938 IX.
1596 905 1757 951 Catalogi

367 973 442 1007 cap.
458 970 618 996 xxcvn.
647 961 740 995 Cum
754 961 875 994 eadem
893 959 1035 994 fortiter
1048 970 1162 1003 passa,
1176 960 1315 994 itineris
1333 972 1373 995 ac
1390 962 1524 1007 gloriae
1541 973 1668 997 comes.
1697 963 1758 997 Ab

366 1021 470 1054 istius
487 1020 658 1064 reliquiis,
681 1019 720 1052 in
744 1017 955 1052 Hiberniam
980 1017 1193 1061 importatis,
1220 1018 1410 1052 comitatus
1435 1019 1531 1053 illius
1553 1021 1670 1066 gentis
1688 1021 1759 1065 pri—

366 1089 458 1119 mus,
478 1082 513 1112 et
531 1076 710 1123 Lageniae
733 1079 850 1120 caput,
876 1074 1039 1108 Kildaria
1056 1079 1226 1116 vocatur;
1254 1087 1276 1109 a
1298 1076 1468 1120 reliquiis,
1494 1077 1653 1122 inquam,
1679 1079 1758 1123 ipsa

366 1136 461 1170 enim
485 1145 670 1180 nunquam
695 1133 907 1168 Hiberniam
933 1132 1035 1172 vidit,
1062 1143 1146 1166 nam
1171 1133 1210 1167 in
1236 1132 1354 1167 Scotia
1376 1134 1479 1175 vixit,
1506 1134 1544 1169 in
1566 1135 1758 1171 Germania

368 1193 528 1227 excessit.
581 1192 731 1236 Scripsit

515 1249 797 1283 Exhortationes
815 1248 861 1282 ad
878 1247 1078 1282 castitatem
1307 1249 1367 1284 lib.
1388 1259 1414 1284 1.

415 1307 528 1342 Passa
545 1308 688 1340 videtur
705 1317 798 1340 anno
814 1314 953 1339 CDLIV.
973 1316 1053 1339 cum
1071 1305 1145 1340 filia
1162 1310 1198 1340 et
1214 1306 1360 1351 reliquis
1378 1308 1591 1354 virginibus,
1610 1309 1647 1343 id
1665 1311 1760 1343 enim

368 1365 498 1400 Petrus
529 1364 723 1409 Equilinus
755 1364 904 1403 asserit3
934 1363 995 1397 alii
1021 1374 1155 1397 annum
1186 1363 1218 1397 ei
1248 1364 1433 1410 assignant
1460 1366 1564 1411 longe
1594 1367 1760 1410 priorem,

366 1423 499 1457 scilicet
518 1430 729 1456 CDXXXIII.
757 1425 905 1465 apparet
922 1425 1042 1454 autem
1059 1432 1140 1454 cum
1166 1420 1238 1455 filia
1259 1432 1412 1466 passam,
1438 1423 1534 1467 quod
1560 1424 1681 1458 eodem
1705 1424 1762 1458 die

366 1481 503 1515 colatur
521 1488 610 1514 XXI.
629 1478 773 1513 Octobr.

840 1595 878 1630 S.
904 1595 1142 1632 DEICOLA.
1195 1596 1278 1633 386.

366 1712 402 1747 S.
437 1712 641 1752 DEICOLA,
676 1711 784 1746 abbas
819 1711 855 1746 S.
891 1711 1042 1745 Martini
1077 1710 1190 1745 Sutrii
1229 1713 1268 1746 in
1309 1712 1494 1754 Hetruria,
1527 1719 1762 1760 cognomento

367 1767 550 1809 Inclusus,
581 1769 639 1803 cui
664 1769 811 1803 abeunti
836 1769 874 1802 in
909 1769 1005 1803 coelo
1035 1767 1070 1801 S.
1098 1769 1340 1805 Columbanus
1366 1770 1503 1812 Scotus,
1534 1773 1578 1806 de
1607 1783 1678 1817 quo
1706 1783 1762 1806 su-

366 1838 441 1872 pra,
460 1827 640 1867 successit,
660 1830 696 1861 et
714 1827 789 1871 ipse
807 1825 1022 1860 sanctissimi
1040 1824 1253 1861 Columbani
1279 1827 1386 1869 Scoti,
1411 1830 1474 1874 qui
1501 1829 1656 1864 Bobium
1683 1829 1762 1864 fun-

366 1886 477 1925 davit,
508 1885 714 1929 discipulus,
747 1885 850 1930 cujus
880 1876 1026 1918 b'aculus
1058 1888 1190 1918 terram
1221 1886 1421 1929 percutiens
1452 1886 1587 1921 fontem
1617 1888 1761 1921 uberem

366 1943 497 1982 elicuit,
521 1943 584 1987 qui
608 1954 703 1976 nunc
728 1947 837 1982 extat,
864 1942 1028 1986 idemque
1051 1947 1213 1976 armenta
1238 1954 1259 1977 a
1282 1944 1449 1988 luporum
1475 1945 1620 1990 injuria,
1647 1951 1761 1979 terrae

367 2000 509 2040 infixus,
537 2000 755 2040 vindicavit3
784 2005 819 2034 et
849 2011 928 2033 cum
952 1999 1153 2040 Versarius‚
1180 2001 1343 2035 ecclesiae
1367 2001 1674 2036 Sanmartinianae
1700 2014 1761 2047 pa-

367 2063 504 2098 tronuS,
523 2058 579 2091 vir
597 2062 733 2102 potens,
752 2059 874 2091 valvas
899 2057 1093 2097 clausisset,
1118 2062 1261 2092 sanctus
1286 2059 1460 2093 divinitus
1487 2068 1642 2094 reserato
1668 2062 1760 2095 ostio

369 2117 413 2150 ad
448 2116 622 2149 orandum
657 2116 818 2155 intravit,
854 2120 889 2149 et
928 2115 990 2160 qui
1031 2115 1075 2148 ad
1110 2126 1192 2149 eum
1234 2116 1463 2151 occidendum
1506 2119 1617 2158 missi,
1661 2119 1760 2153 rubis

368 2174 541 2218 templum
570 2174 804 2207 vestientibus
835 2173 1016 2217 prohibiti,
1049 2182 1292 2207 recesserunt:
1327 2179 1365 2209 at
1391 2175 1449 2209 ille
1479 2176 1552 2210 irae
1583 2177 1760 2221 impotens

368 2231 546 2276 praecepit
581 2231 655 2265 suis
689 2226 887 2271 clientibus,
922 2231 1124 2274 ubicunque
1159 2239 1320 2265 sanctum
1351 2234 1557 2277 reperirent,
1590 2236 1761 2280 genitalia

368 2290 400 2323 ei
419 2289 675 2329 exscinderent,
700 2293 735 2322 et
754 2301 772 2322 e
791 2289 943 2334 vestigio
969 2289 1037 2333 ipsi
1061 2288 1230 2323 versario
1255 2290 1427 2335 genitalia
1445 2293 1665 2326 atrocissimo
1684 2304 1762 2327 cru-

368 2348 463 2381 ciatu
491 2347 753 2387 intumuerunt,
783 2353 826 2381 ut
852 2357 945 2380 uxor
975 2351 1094 2380 coacta
1127 2346 1236 2381 fuerit
1266 2347 1447 2382 Deicolam
1482 2361 1667 2391 accersere,
1699 2353 1759 2385 sed

369 2416 448 2439 cum
477 2405 614 2439 tardius
641 2405 854 2445 advenisset,
887 2404 946 2438 ille
976 2404 1133 2444 obierat3
1165 2409 1242 2439 tum
1275 2411 1418 2441 sanctus
1448 2408 1594 2442 domum
1628 2409 1762 2455 ingres-

369 2474 440 2503 sus,
474 2462 582 2496 radiis
612 2462 695 2497 solis
721 2474 785 2507 per
811 2462 1001 2496 fenestram
1028 2463 1310 2508 irrumpentibus
1336 2476 1484 2510 cappam
1512 2466 1691 2511 imposuit,
1725 2469 1761 2502 in
