2032 2912
308 309 373 342 306
691 307 926 341 HISTORIA
949 306 1326 341 ECCLESIASTICA

311 406 391 441 albo
408 405 584 450 ascriptus
601 408 666 438 est.
718 402 860 438 Colitur
876 403 935 437 die
958 411 1020 438 111.
1044 403 1148 438 Maii.
1199 403 1335 438 Molan.
1362 401 1550 437 Addition.
1579 402 1711 438 Usuar.

310 463 431 498 Uvion
449 462 510 497 lib.
530 471 591 496 111.
609 472 691 508 pag.
709 469 819 495 CLVI.
838 465 874 495 et
890 461 952 495 lib.
967 469 1022 496 VI.
1041 472 1116 506 cap.
1132 470 1250 497 XXIV.
1270 471 1315 495 ex
1328 460 1488 501 Leslaeo,
1503 472 1611 506 quem
1630 462 1712 496 vide

311 521 373 556 lib.
393 529 448 554 VI.
465 531 548 566 pag.
568 527 747 554 ccxxm.
800 518 952 563 Scripsit

457 577 767 612 Commentarium
784 577 823 611 in
841 576 1019 624 Regulam
1037 576 1327 612 Ecclesiasticam
1428 578 1490 613 lib.
1518 603 1528 612 .
1556 603 1565 612 .

360 636 504 670 Floruit
520 646 614 670 anno
634 642 796 670 MCLXX.

752 750 789 787 S.
816 750 1131 787 GUINOTHUS.
1186 751 1272 791 569.

311 870 347 905 S.
367 869 626 910 GUINOTHUS,
644 869 752 904 abbas
771 868 964 909 Deiranus‚
982 868 1191 903 Alexandro
1209 868 1279 903 ΙΙΙ.
1303 869 1380 915 regi
1403 880 1426 903 a
1449 870 1577 904 sacello
1603 874 1639 904 et
1661 880 1716 904 sa-

311 929 380 964 cris
394 928 629 963 conscientiae
642 927 724 968 fuit,
738 927 950 962 eruditionis
965 927 1167 961 mundanae
1181 927 1326 971 quidem
1341 927 1483 967 callens,
1498 927 1560 961 sed
1573 927 1717 962 divinae

313 986 509 1032 sapientiae
526 986 676 1030 cupidus
694 985 810 1031 magis
828 985 1047 1019 observator.
1101 984 1193 1019 Cum
1212 985 1390 1031 legatione
1417 985 1462 1019 ad
1489 984 1716 1020 Florentium

314 1044 530 1080 Hollandiae
564 1044 731 1078 comitem
765 1043 988 1089 fungeretur,
1030 1054 1162 1089 magno
1196 1043 1292 1089 regis
1331 1043 1463 1083 dolore,
1507 1043 1569 1077 sed
1611 1044 1717 1090 longe

313 1103 460 1151 majore,
499 1101 545 1136 ob
582 1101 808 1136 incommoda
844 1112 936 1146 quae
969 1106 1093 1145 postea
1127 1107 1335 1142 evenerunt,
1370 1101 1473 1148 regni
1503 1101 1615 1136 totius
1645 1102 1717 1137 dis-

312 1162 454 1206 pendio,
482 1160 558 1195 vita
583 1159 742 1200 functus,
771 1170 811 1193 ac
836 1160 875 1193 in
900 1158 1055 1204 patriam
1081 1160 1228 1200 relatus,
1258 1159 1399 1206 ingenti
1427 1159 1614 1206 signorum
1641 1161 1718 1207 glo-

314 1220 369 1254 ria
402 1217 582 1258 inclaruit,
616 1217 662 1252 ab
696 1217 861 1262 episcopo
895 1215 1145 1252 Aberdonensi
1181 1218 1352 1259 elevatus,
1389 1217 1425 1252 S.
1461 1218 1543 1252 sede
1578 1223 1718 1263 aposto-

313 1278 381 1312 lica
406 1276 568 1324 jubente.
618 1274 735 1310 Extat
764 1274 918 1310 officium
951 1284 1007 1309 IX.
1039 1276 1246 1316 lectionum,
1281 1280 1317 1310 et
1347 1276 1482 1321 templa
1517 1277 1653 1322 aliquot
1683 1277 1715 1311 ei

314 1336 442 1370 dicata.

362 1393 557 1438 Depositus
587 1402 681 1426 anno
710 1399 959 1427 MCCXXCVII.
992 1393 1122 1427 colitur
1151 1392 1210 1427 die
1240 1401 1362 1427 XXXI.
1394 1391 1533 1428 Martii.
1562 1392 1717 1428 Jacobus

314 1452 538 1497 Cheynaeus.

756 1568 792 1603 S.
820 1567 1133 1603 GUINOTHUS.
1186 1570 1269 1607 570.

314 1686 349 1721 S.
375 1685 624 1720 GUINOTHUS
651 1686 848 1730 episcopus,
874 1686 951 1732 regi
978 1685 1078 1720 Etho
1104 1697 1126 1719 a
1151 1685 1272 1725 sacris,
1299 1685 1402 1731 cujus
1425 1685 1584 1729 perditos
1602 1697 1718 1721 mores

314 1755 395 1779 cum
413 1744 507 1778 ferre
523 1755 596 1778 non
614 1748 745 1788 posset,
764 1744 909 1778 secessit
926 1744 971 1778 ab
989 1745 1081 1784 aula,
1106 1743 1168 1778 sed
1186 1754 1227 1778 eo
1253 1742 1292 1777 in
1317 1754 1456 1778 carcere
1482 1743 1671 1784 exstincto,
1698 1756 1719 1779 a

315 1802 489 1850 Gregorio
506 1814 590 1849 rege
607 1807 807 1843 revocatus,
826 1802 857 1836 ei
875 1802 927 1836 fui
933 1807 947 1837 t
964 1814 985 1836 a
1003 1803 1112 1837 sacris
1131 1801 1425 1836 confessionibus.
1478 1800 1631 1846 Scripsit

463 1860 656 1905 Speculum
673 1860 782 1895 Vitae
799 1860 978 1895 humanae
1029 1860 1089 1895 lib.
1110 1869 1136 1894 Ι.
1184 1859 1329 1894 Laudat
1347 1859 1551 1900 Fordunus,
1570 1860 1632 1895 sed
1648 1871 1720 1895 non

513 1923 624 1953 extat.

364 1976 534 2011 Florebat
558 1988 653 2011 anno
671 1985 939 2011 CCCCLXXVII.
993 1976 1134 2011 Colitur
1157 1976 1214 2011 die
1241 1985 1347 2011 XVII.
1374 1974 1525 2021 Aprilis.
1554 1976 1716 2011 Breviar.

315 2035 465 2070 Scotica.
519 2034 673 2080 Templa
690 2034 744 2069 illi
760 2035 930 2080 pleraque
948 2036 986 2070 in
1004 2035 1124 2070 Scotia
1140 2035 1268 2070 dicata.

779 2151 815 2187 S.
843 2151 1109 2187 GODRICUS.
1162 2154 1229 2190 571
1236 2176 1245 2187 .

318 2267 354 2302 S.
373 2267 595 2309 Gonmcus‚
622 2272 859 2315 cognomento
884 2267 1061 2309 Eremita,
1087 2272 1228 2313 patrem
1254 2268 1383 2303 habuit
1408 2267 1621 2310 Awillardo,
1647 2280 1720 2304 ma-

318 2330 411 2360 trem
450 2324 722 2361 Radwennam:
761 2326 801 2360 in
840 2326 1076 2361 adolescentia
1118 2334 1358 2361 mercaturam
1393 2327 1563 2368 exercuit,
1597 2332 1721 2372 postea

317 2382 641 2429 peregrinationem
680 2384 726 2418 ad
768 2383 804 2418 S.
839 2383 1007 2418 Andreae
1045 2385 1215 2429 reliquias
1249 2384 1287 2418 in
1322 2384 1453 2426 Scotia,
1471 2400 1473 2402 ¹
1489 2389 1567 2420 tum
1602 2385 1647 2419 ad
1677 2385 1718 2419 li-

317 2440 417 2475 mina
453 2439 551 2475 Petri
588 2446 625 2475 et
664 2440 769 2476 Pauli
805 2442 1049 2486 apostolorum
1085 2441 1242 2477 Romam
1273 2443 1441 2488 suscepit.
1503 2442 1632 2477 Postea
1666 2447 1720 2477 to-
