2032 2912
334 301 398 333 316
716 298 950 332 HISTORIA
972 298 1350 333 ECCLESIASTICA

337 398 460 438 travit,
479 396 704 441 exploratum
721 399 776 430 est
793 395 885 429 altas
900 394 1121 430 idololatriae
1138 393 1301 430 tenebras
1319 397 1460 429 sanctos
1473 399 1622 430 conatus
1638 395 1731 431 senis

337 454 563 499 impediisse3
590 457 627 487 et
645 452 742 498 quod.
768 451 1028 487 Hirlandorum
1054 452 1202 487 traditio
1226 451 1346 493 habet,
1372 451 1536 487 ancillam
1564 452 1737 488 Picticam

338 511 563 558 evangelium
582 510 789 545 enunciasse
806 510 846 545 in
865 510 1056 545 Hirlandia
1072 510 1237 555 primam,
1261 510 1297 544 id
1322 520 1396 544 non
1412 509 1483 544 nisi
1500 515 1582 554 post
1600 509 1737 546 Gutha-

337 569 424 615 goni
450 568 704 614 migrationem
731 568 835 603 annis
860 577 1010 603 XXXVI.
1037 568 1289 603 seilicet·ann0
1314 567 1440 602 salutis
1458 576 1668 603 cccxxxv,
1694 574 1736 603 ut

339 626 554 667 Camdenus,
573 625 792 671 Campianus
809 630 892 661 ante
915 637 1010 667 eum,
1033 630 1069 660 et
1094 630 1248 671 utroque
1271 624 1459 670 posterior,
1485 625 1590 660 Joan.
1618 625 1736 662 Anto-

338 685 420 718 nius
451 683 647 730 Maginus;
674 683 737 718 sed
761 683 832 718 ista
856 683 1013 718 amentia
1037 683 1139 719 Boiis
1164 683 1330 718 numellis
1357 687 1394 717 et
1419 685 1601 730 ergastulo
1628 685 1735 719 relin-

338 742 473 786 quitur.

842 840 879 875 S.
906 839 1096 875 GRATA.
1149 837 1233 874 586.

336 915 373 949 S.
392 914 540 950 GRATA
558 915 674 962 virgo,
692 915 956 950 Ursulanarum
972 926 1056 956 una,
1082 925 1164 950 cum
1189 913 1269 949 aliis
1294 924 1410 959 passa,
1434 924 1517 949 cum
1540 914 1620 949 aliis
1638 925 1734 950 coro-

336 977 432 1014 nata,
445 973 543 1019 jacet
560 972 741 1015 Coloniae,
758 978 801 1008 ut
818 972 901 1008 Ado
919 972 1145 1008 Trevirensis
1163 976 1301 1007 auctor.

386 1030 498 1066 Passa
515 1041 609 1065 anno
627 1039 767 1065 CDLIV.
786 1031 915 1066 colitur
932 1031 990 1065 die
1007 1039 1095 1065 XXI.
1115 1030 1295 1065 Octobris.

794 1146 831 1181 S.
858 1145 1137 1181 GREGORIA.
1190 1147 1275 1184 587.

336 1262 371 1296 S.
385 1261 619 1304 GREGORIA,
632 1262 728 1297 socia
740 1260 777 1296 S.
789 1260 956 1303 Ursulae,
974 1260 1080 1295 Scota
1097 1260 1233 1302 Scotae,
1252 1272 1271 1296 e
1288 1261 1418 1307 patria,
1438 1260 1477 1296 in
1490 1266 1612 1297 turma
1625 1262 1735 1296 unde-

336 1320 405 1354 cim
430 1320 584 1354 millium
611 1320 807 1366 virginum,
832 1331 986 1366 egressa,
1011 1319 1179 1354 Coloniae
1202 1319 1418 1366 martyrium
1446 1320 1589 1360 meruit,
1616 1319 1735 1365 ibique

333 1379 439 1422 jacet.
492 1377 632 1412 Adonis
650 1377 966 1423 Martyrologium.

386 1435 496 1470 Passa
514 1436 639 1470 iisdem
658 1446 751 1469 anno
769 1439 806 1470 et
823 1435 891 1469 die.

772 1550 808 1585 S.
836 1550 1159 1586 GOLVENEUS.
1211 1553 1296 1585 588.

337 1667 371 1700 S.
400 1666 669 1708 GOLVENEUS,
691 1666 840 1701 eremita
866 1665 1004 1707 Scotus,
1026 1666 1183 1711 patriam
1208 1667 1384 1707 deserens,
1410 1667 1449 1701 in
1477 1666 1734 1707 Aremoricam,

339 1736 429 1769 quae
447 1730 570 1769 postea
590 1724 781 1760 Britannia
798 1724 932 1764 Minor,
958 1724 1114 1765 recessit,
1140 1735 1287 1770 seseque
1312 1728 1430 1759 totum
1457 1724 1553 1759 vitae
1580 1730 1734 1759 contem-

337 1783 492 1826 plativae
509 1783 681 1823 tradidit3
701 1782 762 1816 sed
777 1782 840 1816 diu
852 1782 970 1816 virtus
984 1786 1085 1817 tanta
1097 1783 1207 1817 latere
1220 1793 1294 1817 non
1306 1782 1437 1827 potuit,
1458 1793 1542 1817 nam
1557 1782 1593 1817 S.
1612 1782 1733 1823 Paulo,

338 1842 502 1885 episcopo
520 1840 709 1881 Leonensi,
728 1840 900 1885 deposito,
918 1840 1030 1874 totius
1048 1841 1132 1875 cleri
1156 1845 1192 1875 et
1214 1840 1339 1886 populi
1362 1851 1537 1875 concursu
1560 1841 1605 1875 ad
1629 1843 1734 1875 eccle-

338 1899 409 1932 siae
422 1899 583 1944 regimen
598 1902 756 1938 vocatus,
773 1898 805 1932 ei
819 1898 1003 1932 successit:
1021 1899 1083 1939 ita,
1098 1903 1239 1943 praeter
1252 1903 1441 1939 nostrates,
1456 1899 1599 1944 scripsit
1616 1899 1734 1933 Rena-

337 1962 396 1990 tus
426 1956 643 1990 Benedictus
671 1956 709 1989 in
734 1955 832 1991 Vitis
858 1955 920 1990 SS.
948 1955 1096 1997 Galliae,
1128 1956 1270 1990 tabulae
1295 1956 1393 1990 illius
1418 1956 1523 1996 sedis,
1553 1956 1732 1992 Robertus

339 2014 503 2048 Coenalis
522 2015 565 2048 de
583 2014 639 2047 Re
657 2013 794 2048 Gallica
811 2014 872 2047 lib.
892 2023 935 2048 11.
953 2014 1109 2058 perioch.
1128 2023 1183 2048 VI.
1236 2013 1388 2058 Scripsit

486 2072 628 2106 Laudes
647 2072 842 2106 multorum
860 2071 1072 2106 Sanctorum
1277 2072 1339 2106 lib.
1360 2081 1385 2105 1.

485 2129 630 2164 Rituale
648 2129 828 2164 Ecclesiae
1278 2129 1340 2164 lib.
1361 2139 1385 2163 1.

389 2187 538 2221 Creatus
557 2187 742 2232 episcopus
761 2198 855 2221 anno
874 2195 938 2221 Dc.
957 2187 1086 2222 colitur
1104 2195 1228 2221 XXIII.
1246 2186 1271 2221 J
1274 2188 1361 2222 unii.
1416 2186 1547 2222 Uvion.

776 2285 813 2320 S.
841 2285 1151 2321 GULIELMUS.
1205 2289 1288 2325 589.

341 2360 377 2393 S.
396 2359 657 2400 GULIELMUS,
681 2361 775 2407 regis
803 2360 839 2395 S.
866 2360 964 2396 Duffi
989 2360 1095 2401 filius,
1127 2366 1310 2405 pertaesus
1337 2372 1456 2396 rerum
1484 2362 1733 2401 humanarum,

341 2422 381 2451 ut
398 2416 537 2452 facilius
555 2416 632 2451 Deo
655 2419 861 2460 deserviret,
888 2418 1105 2453 eremiticam
1134 2418 1245 2453 vitam
1270 2419 1400 2465 elegit3
1428 2430 1537 2463 quam
1563 2430 1644 2464 cum
1670 2420 1734 2453 ali-
