2032 2912
365 326 407 357 50
743 316 972 352 HISTORIA
996 312 1368 348 ECCLESIASTICA

653 465 925 504 PATRICIUS
949 464 1263 501 ADAMSONUS
1289 464 1339 500 H.
1391 466 1451 499 81.

366 587 587 621 PAnuems
604 582 843 622 Adamsonus,
860 592 954 616 unus
971 592 1016 616 ex
1032 580 1077 616 iis
1094 580 1158 626 qui
1174 579 1446 626 Archiepiscopi
1464 580 1608 615 nomine
1631 581 1752 616 haere-

364 644 454 678 ticus
471 642 507 676 S.
525 641 690 675 Andreae
707 639 886 674 ecclesiam
900 637 1124 678 deformavit,
1143 637 1200 672 vir
1217 637 1505 683 incomparabilis
1522 637 1561 672 in
1584 638 1749 673 humani·

364 700 435 735 oris
451 700 656 734 literaturae
673 697 881 737 eruditione,
895 695 1028 731 Graece
1041 699 1077 731 et
1090 694 1220 730 Latine
1233 695 1472 737 doctissimus,
1487 699 1641 742 utroque
1654 696 1751 741 stylo

365 756 476 792 facilis
494 760 529 791 et
546 757 699 802 elegans,
717 754 859 798 scripsit

508 813 770 848 catechismum
788 821 894 845 versu
1297 809 1360 844 lib.
1379 818 1406 844 1.

511 870 556 904 In
573 869 755 904 Andream
773 868 974 902 Melvinum
990 867 1275 902 Declamationes
1297 866 1358 901 lib.
1378 875 1404 901 Ι.

507 925 780 973 Epigrammata
802 936 843 959 ac
867 925 1060 967 Poemata3
1088 926 1128 959 in
1146 925 1276 970 quibus
1299 922 1526 958 felicissimus
1548 923 1655 965 calor,
1685 935 1751 960 nec

555 984 747 1028 quicquam
774 982 818 1017 ab
843 981 1054 1017 Aristarcho
1078 981 1408 1027 reprehendendum
1437 985 1580 1026 praeter
1608 992 1752 1027 perver-

555 1051 635 1074 sum
646 1040 827 1086 religionis
840 1039 1018 1080 affectum,
1033 1039 1063 1074 si
1077 1043 1198 1074 tamen
1211 1050 1284 1074 non
1297 1039 1356 1073 ille
1369 1038 1597 1074 orthodoxae.
1633 1039 1752 1074 Multa

555 1108 696 1142 quoque
726 1101 878 1142 carpunt
906 1096 1059 1131 Lutheri
1089 1101 1125 1131 et
1155 1096 1296 1131 Calvini
1331 1096 1517 1138 haeresim,
1553 1107 1594 1131 ac
1627 1095 1751 1131 favent

556 1154 637 1188 fidei
655 1165 770 1188 verae.

411 1212 512 1248 Obiit
529 1211 568 1246 in
591 1222 741 1250 summa,
764 1215 807 1245 ut
830 1211 947 1250 audi0‚
970 1210 1101 1254 inopia,
1127 1211 1223 1255 quod
1245 1211 1284 1245 in
1302 1210 1523 1246 Catholicam
1540 1211 1749 1257 religionem

360 1269 504 1316 pronior
529 1279 637 1314 quam
664 1268 847 1312 expeditet
871 1267 941 1312 ipsi
966 1279 988 1302 a
1013 1266 1192 1302 Sathanae
1216 1268 1392 1309 ministris
1418 1272 1631 1309 censeretur,
1656 1278 1750 1303 anno

362 1334 549 1362 Mnxcul.

744 1438 1031 1475 ANONYMUS
1057 1440 1242 1476 POETA.
1293 1443 1353 1476 82.

361 1555 602 1590 ANONYMUS
628 1555 696 1590 iste
722 1554 847 1589 Scotus
873 1554 1098 1590 Eberardum
1131 1553 1356 1590 Stewardum
1388 1555 1560 1591 Obinium
1592 1567 1636 1590 ex
1667 1556 1749 1591 Sco·

360 1613 412 1647 tia
453 1613 509 1646 vel
551 1611 668 1646 Gallia
709 1613 748 1646 in
790 1612 933 1646 Italiam
975 1617 1128 1654 secutus,
1167 1617 1350 1647 strenuam
1384 1611 1622 1658 Neapolitano
1657 1614 1747 1649 bello

360 1680 502 1713 operam
535 1670 695 1710 navavit,
729 1670 791 1703 sed
824 1680 929 1710 unus,
963 1674 1005 1703 ut
1035 1675 1134 1714 puto,
1165 1681 1209 1703 ex
1241 1669 1286 1703 iis
1320 1670 1381 1715 qui
1416 1670 1619 1716 Aragonias
1653 1682 1747 1706 com-

358 1726 497 1770 plexuri
530 1731 660 1770 partes,
696 1726 895 1760 Gallicanas
934 1726 1161 1767 damnarunt,
1199 1726 1351 1771 Neapoli
1387 1727 1560 1768 substitit,
1594 1728 1746 1762 inimici—

357 1782 495 1827 tiasque
528 1794 607 1817 cum
640 1782 773 1817 Jacobo
807 1783 1034 1823 Sannazario‚
1068 1783 1218 1828 patricio
1252 1782 1500 1828 Neapolitano,
1535 1789 1571 1820 et
1606 1786 1742 1830 optimo

357 1844 470 1884 poeta,
497 1840 663 1880 exercuit,
690 1844 731 1875 ut
756 1840 832 1885 ipse
857 1840 1113 1887 epigrammate
1135 1840 1375 1886 conqueritur,
1400 1845 1435 1876 et
1459 1841 1649 1888 scripserat
1675 1843 1743 1883 hic,

359 1901 400 1930 ut
417 1897 569 1938 videtur,

504 1953 777 1999 Epigrammata
793 1955 832 1989 in
850 1954 1106 1989 Sannazarium
1291 1955 1352 1990 lib.
1373 1964 1399 1989 1.

406 2010 570 2046 Florebat
587 2022 680 2046 anno
699 2020 903 2046 mccccxe.

741 2126 1029 2161 ANONYMUS
1055 2126 1239 2162 POETA.
1292 2130 1351 2163 83.

359 2239 599 2275 ANONYMUS
612 2240 670 2275 hic
681 2245 796 2286 poeta,
811 2240 942 2277 Latine
955 2241 1157 2287 Graeceque
1171 2243 1407 2286 doctissimus,
1423 2244 1572 2280 Parisiis
1585 2246 1741 2291 publica-

360 2296 424 2336 vit,
447 2301 488 2331 ut
511 2297 591 2332 Yvo
613 2297 855 2340 Villiomarus,
880 2300 956 2333 sive
978 2299 1156 2344 Josephus
1180 2300 1347 2348 Scaliger,
1371 2306 1525 2337 testatur
1550 2303 1611 2338 lib.
1636 2312 1680 2338 11.
1703 2304 1741 2337 in

363 2352 559 2389 Robertum
578 2354 718 2389 Titium
736 2355 862 2391 Locor.
881 2356 1150 2392 Controversor.
1169 2370 1244 2404 cap.
1264 2368 1352 2394 vlu.

508 2410 744 2458 Epigramma
757 2413 932 2449 Graecum
946 2414 989 2449 de
1002 2413 1136 2450 Officiis
1153 2417 1280 2461 optimi
1295 2422 1331 2453 et
1349 2417 1533 2463 apostolici
1548 2417 1739 2454 Praesulis.
