2032 2912
720 349 896 382 GENTIS
918 347 1194 388 SCOTORUM,
1218 348 1307 381 LIB.
1332 348 1359 381 Ι.
1697 347 1738 379 47

394 444 533 490 Scripta
550 445 595 479 ab
612 455 653 479 eo
668 455 677 478 ε

491 502 660 547 Epitome
678 500 861 534 Historiae
878 499 1106 534 Britannicae
1327 500 1388 535 lib.
1409 509 1453 535 11.

491 558 579 594 Vita
596 558 632 592 S.
651 557 838 591 Bertellini
857 556 1040 590 Eremitae
1329 558 1390 592 lib.
1410 567 1436 592 1.

491 614 579 650 Vita
594 614 630 649 S.
649 614 857 659 Cunigundi
876 612 1060 647 Eremitae
1330 615 1392 649 lib.
1412 624 1438 649 1.

490 671 546 705 De
565 671 675 705 sacris
692 669 828 704 Diebus
1328 671 1390 705 lib.
1410 681 1437 706 1.

491 727 661 762 Carmina
678 738 777 762 sacra
1333 728 1394 762 lib.
1414 737 1439 761 1.

490 784 675 829 Epistolae
1330 785 1391 819 lib.
1411 793 1454 819 11.

493 841 636 876 Patriae
654 840 846 875 Calamitas
1333 841 1394 876 lib.
1414 850 1439 875 1.

394 899 536 935 Floruit
552 909 645 934 anno
665 906 844 933 Mcchx.

838 996 875 1031 S.
900 994 1132 1030 AGATHA.
1185 998 1244 1033 74.

345 1073 381 1107 S.
399 1071 593 1113 AGATHA‚
611 1070 647 1106 S.
661 1070 860 1105 Salomonis
877 1069 972 1116 regis
985 1069 1068 1110 filia,
1087 1069 1236 1104 Sanctae
1255 1069 1483 1117 Margaretae
1500 1070 1645 1116 reginae
1658 1081 1731 1105 ma·

345 1135 410 1170 ter,
428 1140 507 1163 cum
525 1129 598 1163 filio
616 1128 763 1174 Edgaro
779 1138 862 1174 rege
879 1126 1032 1172 fugiens,
1056 1138 1078 1160 a
1103 1126 1292 1162 Malcolmo
1315 1127 1453 1162 Scotiae
1470 1139 1553 1174 rege
1569 1127 1733 1162 humani-

344 1190 400 1220 ter
417 1189 563 1229 excepta
579 1185 769 1219 monialem
786 1183 915 1223 induit,
934 1187 970 1216 et
987 1194 1067 1217 cum
1085 1194 1215 1229 magna
1233 1185 1432 1219 sanctitatis
1449 1185 1615 1230 opinione
1628 1185 1731 1219 vixit.

344 1241 405 1276 Ex
420 1241 583 1275 Historia
596 1240 744 1281 Scotica‚
756 1240 908 1274 Arnold.
923 1239 1044 1274 Uvion
1057 1240 1118 1274 lib.
1135 1249 1188 1275 IV.
1207 1241 1314 1288 Lign.
1329 1241 1436 1276 Vitae
1449 1253 1525 1287 cap.
1541 1251 1611 1276 XV.
1631 1241 1734 1275 Hun-

345 1299 482 1332 tindon.
509 1297 739 1331 Malmesbur.
765 1296 931 1341 Wigorn.
958 1306 1080 1330 omnes
1105 1295 1202 1331 Scoti
1228 1302 1263 1332 et
1289 1297 1401 1344 Angli
1427 1299 1627 1344 scriptores.
1655 1298 1734 1332 Μο-

345 1354 540 1390 nasteritun
557 1354 718 1400 ingressa
735 1363 828 1388 anno
847 1360 982 1386 MLXX.

812 1451 849 1486 S.
874 1450 1122 1486 AMBIANU
1122 1450 1159 1486 S.
1212 1454 1270 1490 75.

344 1527 381 1562 S.
407 1526 633 1562 AMB1ANUs
658 1525 868 1572 Amphibali
896 1525 1050 1570 episcopi
1075 1526 1114 1560 in
1140 1527 1305 1562 omnibus
1330 1528 1458 1569 socius,
1484 1533 1521 1563 et
1545 1529 1734 1574 episcopali

344 1585 520 1631 dignitate
538 1589 697 1626 ornatus,
715 1584 776 1618 sed
794 1584 896 1629 cujus
914 1583 1078 1617 ecclesiae
1095 1594 1168 1618 non
1185 1584 1412 1629 deprehendi,
1430 1597 1527 1620 more
1545 1586 1677 1621 scilicet
1694 1598 1734 1621 eo

345 1643 462 1677 seculo
488 1643 584 1687 apud
609 1645 786 1676 nostrates
808 1644 961 1685 recepto,
979 1644 1021 1674 ut
1039 1640 1285 1685 episcoporum
1302 1653 1388 1677 cura
1409 1643 1499 1678 nulli
1522 1648 1637 1679 certae
1661 1644 1736 1678 sedi

345 1699 564 1745 alligaretur,
582 1700 643 1734 sed
659 1700 698 1733 in
717 1709 838 1734 omnes
856 1698 958 1744 regni
974 1700 1094 1741 partes
1111 1701 1325 1742 potestatem
1341 1704 1519 1734 exerceret
1533 1711 1543 1741 ;
1570 1711 1679 1746 quare
1696 1701 1736 1734 in

346 1756 502 1790 conciliis
515 1760 551 1790 et
564 1756 709 1801 synodis
723 1755 936 1800 quibusdam
953 1755 1169 1798 pervetustis
1187 1756 1311 1801 scripti
1329 1757 1556 1802 reperiuntur
1572 1758 1734 1791 nonnulli

346 1813 499 1857 episcopi
517 1812 677 1855 Scotiae3
695 1813 791 1858 quod
809 1811 905 1846 infra
920 1811 987 1845 hoc
1005 1821 1108 1854 opere
1125 1810 1252 1847 fusius.
1295 1812 1388 1848 Erat
1400 1813 1600 1849 Ambianus
1613 1818 1734 1849 noster

345 1880 390 1903 ex
406 1870 468 1904 illo
485 1870 689 1904 antistitum
706 1880 845 1916 genere,
866 1867 929 1913 qui
946 1866 1073 1901 Culdei
1092 1869 1219 1910 vocati,
1238 1870 1370 1905 divinis
1394 1875 1536 1906 tantum
1554 1872 1733 1917 mysteriis

346 1927 530 1961 vacabant.
581 1926 731 1971 Scripsit

492 1983 548 2017 De
565 1983 777 2018 Sanctorum
795 1983 970 2019 Memoria
1279 1985 1340 2019 lib.
1360 1994 1385 2020 1.

494 2040 652 2075 Hortum
670 2041 890 2084 spiritualem
1048 2049 1052 2053 “
1281 2042 1342 2076 lib.
1362 2052 1387 2076 Ι.

492 2097 618 2132 Divini
637 2097 752 2132 Officii
770 2099 942 2134 recitandi
960 2100 1151 2136 Rationem
1279 2100 1340 2134 lib.
1361 2109 1385 2133 1.

394 2155 582 2190 Strenuam
609 2155 716 2189 verbo
734 2155 802 2189 Dei
827 2159 1067 2200 promovendo
1092 2168 1236 2202 operam
1262 2156 1427 2197 navabat,
1454 2162 1497 2192 ut
1514 2167 1557 2192 ex
1577 2157 1730 2192 Hectore

347 2212 498 2247 Boethio
514 2213 591 2246 loco
608 2212 751 2247 laudato
768 2213 892 2258 liquet,
910 2219 946 2249 et
958 2213 1096 2249 Joanne
1110 2214 1257 2249 Leslaeo
1275 2214 1418 2256 ibidem,
1436 2226 1530 2250 anno
1547 2223 1730 2249 cccxxn.

836 2310 909 2346 AN
912 2312 1133 2348 ONYMUS.
1187 2311 1242 2350 76.

345 2383 538 2424 Qmsmns
555 2385 586 2419 is
604 2388 657 2419 est
674 2384 736 2430 qui
754 2395 943 2431 suppresso
960 2387 1104 2423 nomine
1120 2387 1213 2422 circa
1229 2398 1363 2422 annum
1380 2395 1494 2424 Dxcl.
1511 2388 1653 2434 scripsit

493 2441 617 2477 Vitam
635 2441 671 2477 S.
689 2441 822 2478 Albani
1281 2444 1342 2480 lib.
1362 2453 1387 2479 1.
