2032 2912
708 330 884 363 GENTIS
908 328 1184 368 SCOTORUM,
1209 328 1298 362 LIB.
1322 329 1350 362 L
1684 328 1726 358 57

332 430 367 460 et
384 425 574 472 diligenter
591 424 840 469 eloquentique
857 424 951 469 stylo
968 423 1110 469 scripsit

477 481 571 516 Acta
589 481 724 526 Synodi
742 480 942 516 Perthanae
1271 479 1332 515 lib.
1352 488 1379 514 Ι.

379 539 522 573 Floruit
539 550 632 573 anno
651 546 827 571 Mccxxl.
871 536 929 570 Sic
946 536 1062 570 dictus
1080 537 1176 581 quod
1193 537 1337 571 nomine
1350 535 1558 580 pontificum
1573 539 1637 570 aut
1649 536 1723 581 epi-

331 606 518 640 scoporum
543 595 582 629 in
607 594 763 630 conciliis
788 594 1027 638 responderet,
1053 591 1120 627 ἀπὸ
1145 594 1202 627 τοῦ
1232 592 1469 639 ἀποκρίνεσθαι,
1497 593 1598 627 docte
1629 593 1723 627 Lan-

330 641 480 687 celottus
497 656 532 685 et
549 651 621 691 alii,
640 651 686 684 ad
703 661 778 694 cap.
802 649 1009 696 significasti
1032 650 1075 684 de
1096 651 1195 684 elect.
1222 650 1259 687 in
1272 650 1355 695 jure
1373 650 1552 684 canonico.
1604 650 1639 684 S.
1660 649 1724 684 Isi-

329 709 438 743 dorus
456 708 494 742 in
512 707 669 742 Glossis:
696 711 718 726 ‘⁶
735 706 1008 752 Apocrysarius,
1026 706 1190 741 minister
1207 706 1391 757 Romanae
1410 707 1604 741 ecclesiae.”

697 783 1011 839 *ANONYMUS
1038 803 1223 841 POETA.
1277 806 1336 843 98.
1369 783 1373 785 ’

331 880 685 920 HAERETICORUM,
707 890 861 925 quorum
882 883 923 913 ut
945 883 1069 913 contra
1090 890 1212 925 regem
1234 889 1350 923 nuper
1372 879 1509 913 detecta
1531 878 1649 913 fuerat
1672 890 1725 913 re-

330 938 444 977 bellio,
463 942 499 971 et
514 936 712 971 furentium
729 936 895 981 proditio,
915 936 967 970 ita
983 936 1121 980 pridem
1138 936 1329 970 manifesta
1345 936 1384 969 in
1406 935 1524 970 Deum
1548 936 1723 981 impietas,

329 994 471 1028 caedem
488 994 624 1028 solenni
642 994 678 1028 S.
698 993 963 1034 Bartholomaei
980 993 1072 1028 festo
1088 993 1173 1027 anni
1197 1002 1363 1027 MDLXX.
1389 993 1556 1028 Lutetiae
1580 998 1615 1027 et
1639 994 1723 1028 alibi

329 1052 367 1085 in
385 1051 502 1085 Gallia
518 1041 661 1091 factain,
679 1061 878 1095 anonymus
897 1050 1042 1095 quidam
1060 1056 1166 1095 poeta
1183 1050 1309 1085 Scotus
1327 1052 1434 1095 paulo
1452 1062 1560 1096 quam
1573 1062 1639 1096 par
1653 1051 1724 1085 fuit

329 1108 500 1148 acerbius,
519 1108 675 1143 mordaci
694 1109 756 1142 sed
773 1108 964 1142 admodum
986 1108 1151 1154 eleganti,
1170 1112 1206 1142 et
1223 1107 1413 1142 affectuum
1429 1109 1635 1152 plenissimo
1650 1120 1725 1143 car-

329 1166 436 1206 mine,
454 1166 675 1210 perstrinxit,
693 1158 800 1200 titulo
817 1162 963 1199 Furiae
979 1163 1200 1199 Francicae.
1253 1164 1478 1209 Principium
1499 1166 1620 1211 arguit
1642 1177 1723 1199 auc-

329 1228 442 1257 torem
473 1223 675 1256 exulcerato
704 1232 902 1266 parumque
931 1233 1044 1265 aequo
1072 1222 1110 1255 in
1141 1233 1274 1267 regem,
1300 1223 1473 1268 reginam,
1507 1222 1723 1267 Guisiosque

328 1279 439 1313 fuisse
464 1279 594 1319 animo,
621 1289 758 1313 necnon
783 1289 805 1311 a
824 1278 893 1311 fide
918 1277 1102 1312 catholica
1125 1279 1253 1319 alieno,
1281 1279 1446 1323 quamvis
1465 1279 1596 1313 occisos
1615 1280 1723 1314 etiam

327 1336 529 1371 Catholicos
548 1335 677 1370 deflere
695 1336 785 1369 velle
803 1335 980 1369 videatur.

631 1399 725 1437 Impie
738 1408 799 1432 rex,
814 1403 907 1427 mater
920 1398 1095 1433 truculenta,
1109 1398 1259 1437 invisaque
1273 1399 1360 1433 coelo,

631 1445 805 1476 Guisiadum
819 1445 936 1475 soboles.

713 1545 1002 1581 ANONYMUS
1029 1545 1213 1580 POETA.
1267 1548 1324 1585 99.

327 1621 416 1661 QUO
444 1625 602 1665 tempore
629 1620 668 1654 in
698 1619 844 1667 Anglia,
876 1621 1038 1655 luctuoso
1066 1620 1273 1655 Christiano
1298 1620 1376 1654 orbi
1404 1620 1576 1665 exemplo,
1605 1619 1723 1654 Maria

329 1677 486 1718 Stuarta,
513 1677 700 1712 Scotorum
724 1678 859 1723 regina,
885 1677 1144 1711 haereticorum
1169 1678 1215 1712 ad
1240 1677 1424 1712 libidinem
1450 1682 1503 1712 est
1529 1678 1722 1716 immolata,

327 1739 402 1768 tam
436 1734 618 1769 funestum
653 1735 817 1768 ecclesiae
851 1734 1034 1768 Romanae
1067 1734 1239 1780 regnique
1268 1734 1398 1768 Scotici
1429 1745 1549 1768 casum
1580 1735 1723 1780 ingenia

329 1793 497 1836 pleraque
526 1791 623 1825 illius
656 1791 736 1825 aevi
769 1791 1008 1835 deploravere.
1060 1790 1146 1832 Sed,
1165 1790 1317 1824 eminuit
1351 1801 1550 1836 anonymus
1577 1792 1722 1836 quidam

329 1847 467 1889 Scotus,
487 1848 554 1882 sub
571 1848 688 1888 titulo,

478 1904 686 1949 Deploratio
701 1904 842 1950 indigni
861 1904 1013 1938 Funeris
1032 1904 1170 1938 Mariae
1188 1903 1374 1939 Scotorum
1394 1904 1564 1951 Reginae,
1583 1905 1644 1940 lib.
1666 1915 1691 1939 1.

378 1962 518 1996 Auctor
535 1962 604 2002 ille,
631 1962 707 1996 sive
723 1961 747 1995 J
749 1962 878 1996 acobus
896 1961 1074 2002 Gadanus,
1101 1963 1176 1996 sive
1192 1961 1356 1996 Adamus
1373 1961 1627 2003 Blacvodaeus,
1645 1963 1721 1997 sive

330 2019 505 2066 Georgius
524 2018 719 2059 Critonius,
746 2018 862 2065 (cujus
885 2023 971 2053 sunt
994 2019 1248 2065 elegantissimi
1272 2030 1396 2054 versus
1422 2019 1613 2065 subscripti
1635 2021 1723 2054 ima·

330 2077 418 2124 gini,
445 2088 517 2121 qua
540 2080 616 2110 tota
638 2076 796 2122 ejusdem
820 2077 965 2122 reginae
987 2076 1152 2121 martyrii
1176 2077 1359 2122 tragoedia
1379 2081 1665 2120 repraesentatur
1688 2083 1722 2112 et

329 2134 570 2179 exprimitur,)
597 2133 782 2168 Scotorum
808 2134 994 2168 rebellium
1018 2132 1168 2173 furores,
1199 2134 1435 2167 clandestinos
1462 2133 1722 2169 Germanorum

327 2191 586 2226 haereticorum
604 2195 763 2231 conatus,
786 2190 1021 2237 foedifragam
1044 2195 1079 2225 et
1102 2191 1295 2225 sublectam
1322 2190 1552 2225 Elizabethae
1579 2193 1721 2235 spuriae

329 2248 551 2294 Anglicanae
568 2248 787 2292 impietatem
806 2248 851 2282 ob
868 2249 987 2282 oculos
1005 2259 1077 2282 non
1094 2248 1169 2282 sine
1184 2248 1489 2282 commiseratione
1506 2252 1542 2282 et
1559 2248 1721 2295 indigna-

329 2306 427 2340 tione
444 2306 557 2350 ponit.
609 2305 759 2339 Initium
777 2305 943 2339 carminis
958 2315 967 2339 ι

630 2368 750 2401 Iesabel,
765 2367 882 2406 hospitii
896 2368 1000 2398 violato
1010 2370 1086 2407 jure,
1101 2369 1229 2398 scelestis

631 2415 770 2453 Reginam
784 2415 915 2444 manibus
929 2421 1077 2454 cognatam
1092 2417 1220 2446 sustulit.

379 2472 559 2507 Hortatur
576 2472 683 2507 etiam
702 2471 870 2517 Europae
891 2473 1079 2519 principes,
1102 2478 1144 2508 ut
1168 2474 1313 2520 dignam
1340 2479 1462 2510 tantae
1486 2480 1522 2510 et
1546 2479 1619 2509 tam
1643 2487 1721 2509 san-

328 2534 404 2564 ctae
437 2529 590 2565 feminae
624 2530 789 2565 manibus
833 2530 1006 2566 ultionem
1048 2536 1242 2576 praestent,
1286 2543 1349 2567 nec
1389 2533 1583 2580 augurium
1625 2531 1723 2567 fefel-

1020 2597 1035 2622 1
