2032 2912
693 350 871 383 GENTIS
896 349 1174 388 SCOTORUM,
1199 349 1288 382 LIB.
1314 349 1379 381 111.
1672 349 1734 380 143

335 448 430 492 quod
459 458 501 480 ea
523 450 638 481 aetate
664 446 997 485 eminentissimum,
1024 445 1204 479 Druidum
1226 445 1390 489 princeps
1421 456 1440 479 e
1466 443 1731 478 Benochorensi

335 505 503 539 coenobio
521 505 560 538 in
578 503 828 548 Burgundiam
846 502 1036 546 profectus,
1051 503 1306 536 monasterium
1322 502 1549 536 Luxoviense
1563 501 1731 536 condidit.

335 562 380 596 D.
400 562 620 600 Bernardus,
638 560 714 595 Vit.
734 559 769 592 S.
789 559 1010 593 Malachiae:
1035 564 1056 579 “
1074 559 1134 593 Ad
1151 560 1216 593 has
1234 567 1374 594 nostras
1393 559 1593 594 Gallicanas
1614 564 1733 604 partes

335 621 526 654 ascendens
552 618 588 652 S.
608 617 852 652 columbanus
876 615 1096 650 Lexoviense
1122 618 1321 651 construxit
1348 618 1644 658 monasterium;’'
1672 617 1734 651 sed

334 678 523 724 legendum
541 679 595 710 est
616 671 856 708 Luscoviense.
892 673 993 706 Beda
1009 673 1048 707 in
1061 672 1148 708 Vita
1162 673 1198 707 S.
1211 674 1397 708 Eustathii
1411 686 1486 719 cap.
1506 685 1531 708 1.
1547 681 1581 709 et
1597 676 1635 709 in
1648 674 1735 709 Vita

335 734 369 768 S.
402 733 548 768 Attalae
577 743 653 776 cap.
678 740 704 765 1.
732 735 768 765 et
793 731 837 764 de
860 730 1124 765 Benochorensi
1152 731 1319 765 coenobio
1346 731 1393 766 D.
1420 732 1626 767 Bernardus
1655 733 1734 767 fuse

333 793 408 825 loco
450 791 606 824 laudato.
672 788 935 823 Theodericum
970 788 1244 823 Austrasiorum
1278 800 1398 835 regem
1441 791 1547 834 paulo
1589 791 1734 825 liberius

333 859 442 894 quam
460 859 526 892 par
542 852 619 881 erat
636 847 780 891 carpsit,
799 857 870 891 quo
888 846 1031 880 nomine
1050 847 1087 880 in
1106 847 1253 881 exilium
1272 852 1326 881 est
1344 852 1455 881 actus.
1510 848 1734 882 Trithemius

333 917 415 941 eum
444 907 481 939 in
510 905 714 939 Annalibus
749 904 970 938 Francorum
1005 904 1242 949 reprehendit,
1273 905 1369 950 quod
1399 905 1538 940 Pascha
1573 906 1735 952 Congelli

334 965 418 1003 ritu,
449 963 515 997 hoc
546 968 625 1002 est,⁵
641 962 803 996 Asiatico
832 973 941 1002 more,
968 962 1181 1003 celebraret3
1209 964 1305 1007 quod
1331 964 1368 997 in
1395 975 1436 997 eo
1461 968 1607 998 excusat
1632 964 1733 998 Beda

334 1024 409 1056 loco
427 1021 588 1066 proxime
606 1020 764 1054 laudato.
819 1023 841 1039 ‘⁵
860 1019 1043 1054 Permissu
1061 1019 1275 1054 Theoderici
1293 1021 1387 1067 regis
1409 1021 1618 1055 coenobium
1638 1021 1736 1055 Lux-

335 1080 456 1114 ovium
480 1078 663 1113 aedificare
687 1077 834 1122 coepit‚'’
856 1078 907 1111 ait
930 1076 1103 1123 Sigebert.
1131 1077 1393 1112 Gemblacensis
1412 1079 1450 1113 in
1469 1078 1670 1120 Chronic03
1700 1085 1735 1115 et

334 1143 415 1183 post
432 1137 477 1171 ab
502 1137 624 1171 eodem
642 1147 737 1182 rege,
757 1139 778 1154 “
796 1135 969 1170 instinctu
988 1134 1232 1170 Brunichildis
1250 1135 1378 1176 Aviae,
1405 1137 1596 1181 expellitur
1623 1137 1736 1172 Fran-

335 1196 399 1236 cia,
426 1196 489 1240 qui
516 1199 607 1239 post,
635 1194 759 1228 relicto
785 1193 959 1238 discipulo
986 1205 1051 1227 suo
1079 1193 1182 1227 Gallo
1209 1194 1248 1227 in
1275 1193 1501 1234 Alemannia,
1528 1196 1736 1230 coenobium

336 1253 492 1287 Bobium
518 1252 720 1286 construxit
745 1252 784 1286 in
810 1251 948 1291 Italia,”
973 1255 1015 1285 ut
1040 1251 1200 1296 loquitur
1227 1251 1322 1285 idem
1351 1251 1569 1298 Sigebertus.
1601 1253 1735 1288 Matth.

336 1310 591 1344 Westmonast.
624 1314 645 1328 ‘⁵
664 1309 919 1349 Columbanus,
937 1309 1061 1342 doctor
1078 1308 1265 1342 Scotorum
1288 1313 1324 1343 et
1354 1309 1545 1351 Pictorum,
1571 1311 1634 1355 qui
1661 1312 1736 1346 suis

334 1368 486 1412 posteris
510 1367 625 1401 multa
649 1367 795 1411 pietatis
820 1366 966 1410 reliquit
992 1366 1234 1400 documenta.”
1286 1365 1521 1401 celebrarunt
1548 1379 1629 1402 eum
1651 1369 1738 1403 Wa-

335 1425 496 1465 lafridus,
531 1423 728 1464 Wettinus,
762 1423 971 1468 Ratpertus‚
1008 1423 1255 1467 Hepidannus,
1287 1428 1323 1457 et
1358 1423 1602 1459 Herimannus
1642 1427 1738 1470 apud

336 1483 568 1518 Melchiorem
598 1481 902 1515 Heiminsfeldum
934 1480 1147 1515 Goldastum
1176 1481 1271 1515 notis
1302 1481 1347 1514 ad
1377 1481 1617 1528 Panegyricos
1652 1488 1733 1517 octo

336 1546 484 1576 veteres.
550 1538 735 1574 Notkerus
766 1539 941 1573 Balbulus
977 1539 1014 1572 in
1048 1538 1334 1585 Martyrologioz
1390 1543 1411 1558 “
1446 1539 1490 1573 In
1521 1540 1650 1581 Scotia‚
1682 1542 1736 1576 in-

334 1600 413 1634 sula
432 1598 582 1632 Hibern.
607 1597 783 1642 depositio
809 1596 844 1630 S.
871 1596 1076 1636 Columbae,
1095 1601 1330 1642 cognomento
1348 1598 1442 1642 apud
1466 1609 1548 1632 suos
1567 1598 1736 1634 Columb-

335 1657 425 1697 killi,
461 1667 501 1690 eo
535 1655 631 1700 quod
667 1655 864 1688 multarum
892 1655 1072 1693 cellarum,
1102 1654 1139 1687 id
1170 1658 1234 1694 est,
1266 1655 1564 1689 monasteriorum
1596 1658 1652 1690 vel
1683 1669 1736 1692 ec-

335 1714 534 1753 clesiarum,
571 1712 771 1752 institutor,
806 1711 986 1752 fundator,
1017 1716 1053 1745 et
1081 1716 1196 1745 rector
1230 1713 1401 1752 extiterit,
1431 1714 1518 1747 adeo
1552 1719 1593 1748 ut
1628 1715 1735 1749 abbas

297 1778 309 1787 “
335 1770 554 1810 monasterii,
585 1769 641 1802 cui
667 1769 860 1803 novissime
885 1769 1052 1813 praefuit,
1080 1773 1115 1802 et
1141 1769 1202 1803 ubi
1228 1770 1428 1814 requiescit,
1456 1775 1580 1805 contra
1602 1783 1736 1805 morem

337 1828 612 1863 ecclesiasticum
652 1827 790 1871 primus
831 1827 991 1860 omnium
1029 1826 1308 1860 Hibernensium
1347 1827 1522 1862 habeatur
1556 1829 1737 1874 episcopo-

335 1887 445 1921 rum.''
509 1884 560 1919 Et
588 1890 629 1919 ut
658 1885 701 1918 de
732 1884 768 1918 S.
801 1884 1032 1924 Columbano,
1061 1895 1167 1928 quem
1198 1884 1304 1918 etiam
1335 1884 1546 1919 Columbam
1578 1898 1642 1921 seu
1670 1887 1736 1922 Co-

336 1944 562 1978 lumbkillum
583 1947 696 1982 vocat,
724 1954 764 1976 ea
782 1943 850 1975 dici
868 1942 1060 1988 intelligas,
1084 1942 1161 1986 ipse
1185 1941 1368 1976 Notkerus
1395 1943 1526 1977 ibidem
1553 1945 1620 1979 loci
1644 1945 1735 1979 Con-

336 2003 480 2048 gellum,
508 2002 583 2035 sive
601 2001 670 2034 alio
696 2000 839 2034 nomine
859 2005 880 2019 “
898 1999 1056 2033 faustum
1076 2000 1358 2043 praeceptorem”
1377 2006 1480 2035 vocat
1500 2006 1521 2021 “
1539 2002 1735 2037 beatissimi

335 2059 579 2094 Columbani.”
622 2058 753 2092 Effecit
771 2069 854 2092 sane
878 2057 996 2102 patria
1012 2057 1221 2097 communis,
1240 2061 1275 2091 et
1293 2059 1479 2093 nominum
1506 2060 1646 2100 vicinia,
1671 2072 1735 2095 nec

335 2118 490 2152 multum
508 2117 629 2161 dispar
647 2122 755 2156 aetas,
772 2121 815 2149 ut
833 2127 953 2150 rerum
971 2119 1176 2149 nostrarum
1194 2115 1312 2149 minus
1330 2117 1436 2160 periti
1455 2118 1643 2162 scriptores
1669 2119 1734 2153 hos

336 2176 425 2210 duos
436 2179 584 2210 ,sanctos
603 2174 699 2208 viros
717 2173 955 2207 confuderint.

385 2233 441 2267 De
458 2236 576 2278 gente,
596 2232 663 2266 etsi
681 2242 872 2265 consensus
891 2231 938 2265 sit
963 2230 1119 2264 melioris
1144 2237 1249 2265 notae
1276 2232 1501 2276 scriptorum,
1526 2238 1645 2268 tamen
1669 2235 1734 2269 du-

335 2291 490 2325 bitatum
522 2290 625 2323 video
653 2301 674 2323 a
704 2289 918 2333 quibusdam
946 2290 1037 2322 male
1065 2288 1212 2323 feriatis.
1258 2289 1353 2324 Nam
1385 2289 1561 2337 Georgius
1593 2292 1735 2327 Merula

336 2348 570 2382 Alexandrin.
595 2347 656 2381 lib.
679 2356 703 2380 1.
730 2346 912 2390 Antiquit.
942 2345 1148 2381 Vicecomit.
1174 2358 1256 2393 pag.
1276 2356 1399 2381 ccvn.
1431 2353 1452 2367 “
1470 2348 1732 2384 Columbanum

336 2417 357 2440 a
387 2405 514 2440 Gothis
544 2405 784 2451 progenitum,
814 2404 1020 2450 integritate
1048 2404 1143 2438 vitae
1174 2406 1419 2446 reverendum,
1448 2410 1484 2440 et
1513 2408 1551 2441 in
1581 2419 1652 2452 quo
1681 2409 1734 2442 di-

336 2464 498 2498 vinitatis
516 2464 651 2508 aliquid
669 2462 858 2502 relucebat,
881 2462 1034 2508 benigne
1052 2473 1257 2508 suscepere;
1286 2465 1507 2509 acceptisque
1525 2465 1627 2500 donis
1646 2478 1732 2511 opu-
