2032 2912
700 344 875 377 GENTIS
899 343 1175 383 SCOTORUM,
1201 346 1290 379 LIB.
1315 347 1392 379 V11.
1679 349 1738 379 321

510 435 565 470 De
581 435 696 471 Asino
715 437 863 472 Balaam
1243 441 1302 475 lib.
1323 450 1347 474 1.

412 492 532 527 Rediit
551 493 719 534 Parisios,
737 499 778 529 ut
796 501 970 530 asserunt..

832 610 1133 645 GREGORIUS.
1186 613 1268 649 597.

361 721 613 763 GREGORIUS‚
638 724 890 759 coenobiarcha
910 733 963 759 IV.
987 724 1172 758 Scotorum
1192 725 1254 769 qui
1278 730 1362 759 sunt
1386 726 1430 759 ad
1453 725 1496 760 D.
1521 726 1644 761 Jacobi
1667 738 1738 761 ma-

356 781 446 824 joris
465 780 502 814 in
520 781 689 816 suburbio
708 781 970 827 Herbipolensi,
989 781 1142 825 scripsit,
1159 786 1201 816 ut
1218 782 1335 821 audio,

512 837 693 883 Excerpta
708 850 752 874 ex
769 840 900 874 sanctis
917 839 1085 874 Patribus
1233 840 1293 873 lib.
1314 849 1338 873 1.

410 894 574 930 Praefuit
590 897 692 931 annis
711 906 750 931 X.
769 897 826 930 vir
842 897 922 941 pius
941 902 977 932 et
990 897 1124 931 doctus.
1164 897 1264 931 Obiit
1288 908 1382 933 anno
1397 905 1553 932 MCCVH.
1590 897 1738 932 Chroni-

362 965 426 988 con
444 953 530 988 dicti
548 955 764 995 monasterii,
783 955 919 989 editum
936 966 958 988 a
975 954 1186 989 Trithemio.

845 1068 1130 1104 GERARDUS.
1182 1072 1265 1108 598.

361 1183 599 1224 GERARDUS,
616 1189 652 1218 et
669 1185 744 1229 ipse
761 1185 967 1219 monasterii
983 1185 1079 1219 illius
1100 1184 1285 1219 Scotorum
1311 1184 1418 1218 abbas
1443 1193 1499 1218 1x.
1524 1184 1675 1228 scripsit,
1699 1189 1739 1217 ut

362 1242 490 1285 accepi,

510 1299 760 1333 Collectionem
777 1300 964 1334 Canonum
1242 1299 1302 1332 lib.
1325 1308 1349 1332 Ι.

409 1355 511 1390 Obiit
528 1367 621 1390 anno
640 1365 829 1391 Mccxmr.
848 1357 940 1391 sedit
958 1357 1060 1391 annis
1078 1365 1148 1391 vu.
1202 1356 1402 1391 chronicon
1421 1356 1506 1390 dicti
1524 1356 1738 1389 monasterii.

754 1469 938 1505 GILDAS
963 1469 1214 1504 ALDANUS.
1267 1471 1351 1506 599,

363 1584 520 1619 GILDAS
534 1584 710 1625 Aldanus,
724 1584 904 1619 Candidas
922 1584 1033 1619 Casae
1051 1585 1233 1629 episcopus
1251 1585 1485 1629 inauguratus
1499 1594 1520 1617 a
1533 1583 1741 1623 Thurstino,

362 1641 579 1676 Eboracensi
598 1641 870 1686 archiepiscopo.
923 1641 1089 1676 Meminit
1113 1642 1311 1686 Polydorus
1335 1639 1522 1686 Virgilius,
1548 1641 1744 1674 mendacio-

362 1709 440 1733 rum
459 1698 739 1744 loquacissimus,
759 1698 819 1732 lib.
840 1706 897 1732 XI.
918 1697 1054 1732 Histor.
1073 1697 1302 1744 Anglicanae.
1355 1697 1501 1741 Scripsit

511 1755 566 1790 De
585 1755 763 1790 Ecclesiae
780 1754 937 1790 Scoticae
954 1755 1157 1801 Privilegiis
1281 1755 1341 1789 lib.
1362 1763 1386 1788 Ι.
1439 1754 1494 1789 Eo
1512 1766 1614 1799 opere
1632 1755 1744 1798 impo-

558 1818 692 1848 tentem
718 1814 923 1858 praesulum
949 1812 1148 1858 Anglorum
1175 1812 1398 1846 insolentiam
1424 1816 1647 1857 represserat,
1671 1823 1741 1845 non
1795 1832 1798 1834 v

562 1870 832 1905 confirmaverat
850 1870 1109 1910 auctoritatem,
1128 1876 1169 1904 ut
1186 1870 1244 1903 ille
1262 1870 1350 1903 vult.

412 1928 554 1963 Floruit
573 1939 666 1962 anno
686 1936 786 1962 Mcx.

597 2040 922 2076 ALEXANDER
949 2039 1377 2076 GALLOVIDIANUS.
1429 2040 1511 2075 600.

362 2158 635 2193 ALEXANDER
649 2156 930 2196 Gallovidianus‚
945 2155 1185 2190 Kilkeldensis
1199 2156 1361 2190 ecclesiae
1374 2160 1506 2200 pastor,
1522 2156 1588 2196 vir,
1602 2160 1744 2200 praeter

363 2216 539 2261 insignem
574 2214 799 2259 probitatem,
839 2225 959 2248 rerum
998 2214 1286 2248 admirandarum
1316 2214 1436 2248 studio
1466 2212 1744 2257 incomparabili,

364 2272 506 2317 scripsit

510 2329 565 2363 De
600 2328 800 2363 Hebridum
842 2328 1046 2363 Insulamm
1087 2327 1240 2369 Natura,
1278 2333 1314 2363 et
1346 2328 1546 2363 Arboribus
1580 2326 1746 2361 anserife-

561 2387 610 2420 ris
733 2386 794 2420 lib.
814 2395 839 2420 1.
892 2385 972 2420 Hoc
997 2397 1081 2420 sane
1106 2397 1218 2432 genus
1243 2385 1366 2420 avium
1391 2385 1575 2420 arboribus
1602 2385 1640 2418 in
1665 2383 1747 2418 Sco-

563 2444 614 2478 tia
638 2444 797 2489 produci,
819 2448 960 2488 praeter
984 2448 1172 2484 nostrates,
1194 2443 1353 2478 docuerit
1379 2442 1614 2482 Ptolomaeus,
1642 2441 1747 2475 Mun-
