2032 2912
363 322 403 350 20
737 313 964 346 HISTORIA
988 310 1358 344 ECCLESIASTICA

511 412 642 445 Contra
660 409 883 453 Paganorum
902 405 1178 449 Superstitiones
1337 403 1397 437 lib.
1417 411 1443 436 Ι.

508 466 755 501 Ordinationes
773 462 951 496 Ecclesiae
969 462 1174 497 Sodorensis
1339 461 1398 494 lib.
1420 469 1445 493 1.

509 523 698 557 Conciones
1337 517 1396 551 lib.
1417 525 1442 550 1.

411 581 512 615 Vixit
530 580 619 613 circa
637 588 768 612 annum
787 585 962 611 cccxxv,

821 691 856 725 S.
883 689 1154 725 ADRIANUS.
1205 691 1261 726 17.

363 809 397 842 S.
415 808 642 846 AmuANUs,
661 806 842 839 Scotorum
859 805 1035 838 maximus
1056 804 1251 848 episcopus,
1274 803 1364 836 iram
1382 800 1568 834 Danorum
1586 801 1737 835 declina-

362 870 474 905 turus,
499 875 577 898 cum
601 863 722 896 multis
745 862 812 906 piis
830 861 968 906 fugiens
985 861 1023 893 in
1041 861 1193 893 insulam
1212 859 1356 898 Maiam,
1381 868 1472 902 quae
1495 857 1534 890 in
1558 858 1737 892 aestuario

362 921 515 954 Forthae
532 920 646 963 posita
662 918 882 952 Laudoniam
900 917 992 956 hinc,
1010 917 1091 949 inde
1110 916 1228 950 Fifam
1246 916 1436 959 despectat,
1463 914 1617 954 secessit,
1644 925 1738 949 mar-

361 978 522 1021 tyrioque
534 977 677 1010 affectus
689 979 752 1008 est.
784 974 851 1007 Sed
865 973 971 1007 verba
986 973 1088 1006 Hect.
1105 972 1231 1006 Boeth.
1247 984 1291 1006 ex
1306 972 1366 1006 lib.
1383 981 1423 1005 x.
1439 970 1537 1005 Hist.
1551 972 1644 1006 Scot.
1655 983 1737 1018 pag.

360 1042 462 1067 ccvi.
477 1034 675 1066 audiantur.
696 1036 717 1051 “
730 1030 803 1064 Sub
814 1030 850 1063 id
864 1034 1002 1074 tempus
1013 1030 1083 1063 illis
1095 1029 1132 1062 in
1146 1029 1349 1074 regionibus
1364 1029 1489 1074 ingens
1504 1033 1580 1063 erat
1594 1029 1737 1074 piorum

358 1100 522 1123 numerus
548 1088 788 1122 Christianum
814 1087 942 1131 dogma
963 1087 1119 1130 undique
1142 1086 1429 1130 propalantium;
1462 1086 1527 1120 hos
1554 1091 1739 1130 persecuta

358 1145 538 1179 Danorum
556 1144 716 1188 impietas
730 1134 843 1187 'quum
862 1144 974 1176 multa
991 1142 1162 1176 affecisset
1180 1147 1309 1188 strage,
1326 1143 1442 1188 major
1455 1143 1596 1187 piorum
1615 1154 1738 1177 eorum

357 1214 436 1247 pars
455 1212 533 1235 cum
550 1200 719 1240 Adriano,
738 1199 921 1234 Scotorum
941 1204 1017 1233 tum
1039 1201 1201 1244 episcopo
1226 1201 1394 1240 maximo,
1420 1201 1458 1234 in
1482 1200 1618 1234 Maiam
1640 1201 1737 1235 insu-

357 1261 437 1298 lam,
456 1259 515 1292 ubi
533 1263 608 1292 tum
626 1258 763 1302 insigne
780 1261 856 1290 erat
874 1256 1126 1290 monachorum
1144 1257 1363 1297 coenobium,
1387 1262 1428 1291 ut
1446 1258 1583 1291 instans
1600 1258 1737 1302 pericu-

358 1318 429 1349 lum
444 1316 640 1354 declinaret,
654 1314 832 1359 fugiebat:
851 1314 995 1358 quidam
1010 1318 1139 1353 autem,
1154 1314 1236 1347 licet
1250 1314 1365 1358 pauci,
1379 1314 1539 1348 cavernis
1554 1314 1737 1359 antrisque

357 1374 545 1411 latitantes,
567 1383 667 1416 parce
690 1377 725 1405 et
747 1371 884 1405 duriter
904 1375 1143 1405 sustentantes
1167 1371 1278 1405 vitam
1296 1371 1492 1405 evadebant
1510 1372 1735 1405 occidionem.

358 1430 424 1463 Sed
442 1430 560 1463 Danos
578 1440 639 1462 nec
656 1429 853 1462 reverentia
870 1429 936 1462 loci
958 1439 1022 1461 nec
1047 1429 1206 1462 virorum
1232 1429 1432 1462 innocentia
1458 1429 1619 1468 retinuit,
1647 1429 1736 1473 quin

359 1487 613 1520 sanctissimum
640 1497 719 1519 eum
746 1490 896 1525 coetum,
923 1485 1089 1519 coenobio
1114 1486 1267 1525 incenso,
1294 1485 1464 1519 inauditis
1483 1486 1665 1530 suppliciis
1683 1486 1737 1519 in-

359 1544 569 1577 terimerent.
622 1542 719 1576 Haec
733 1547 786 1576 est
800 1543 999 1576 veneranda
1012 1547 1211 1586 martyrum
1230 1542 1365 1582 cohors,
1384 1554 1490 1586 quam
1509 1547 1631 1576 nostra
1649 1548 1737 1576 tem-

358 1605 490 1644 pestate
508 1601 543 1633 in
562 1600 659 1634 Maia
676 1601 791 1634 insula
809 1598 943 1646 Anglia
960 1604 995 1634 et
1018 1599 1135 1633 Scotia
1157 1610 1296 1633 summa
1320 1600 1517 1633 reverentia
1541 1599 1735 1633 fidelissimi

358 1657 486 1701 quique
512 1661 795 1701 prosequuntur:
822 1658 936 1690 locum
963 1657 1146 1691 hominum
1175 1657 1373 1701 frequentia
1398 1668 1439 1690 eo
1469 1656 1735 1698 confluentium,

358 1715 485 1748 additis
499 1714 564 1748 Dei
579 1715 795 1760 benignitate
809 1715 846 1747 in
860 1714 933 1748 dies
947 1714 1109 1758 pluribus
1124 1714 1314 1752 miraculis,
1328 1714 1567 1747 venerandum
1582 1714 1736 1748 reddidit

358 1776 461 1816 atque
478 1772 662 1817 insignem.
689 1771 887 1815 Supersunt
904 1776 1024 1806 tantae
1042 1770 1283 1804 multitudinis
1300 1771 1451 1814 paucula
1469 1771 1555 1804 haec
1569 1771 1735 1806 nomina:

357 1828 534 1862 Adrianus
553 1829 770 1862 venerandus
787 1829 946 1869 antistes,
967 1828 1173 1867 Glodianus,
1201 1827 1322 1867 Gaius,
1349 1833 1390 1862 ut
1417 1829 1476 1861 alii
1502 1829 1636 1868 dicunt,
1655 1829 1735 1863 Mo-

358 1897 469 1919 nanus
487 1885 605 1919 Sancti
622 1885 785 1919 Andreae
799 1886 1076 1925 archidiaconus,
1091 1884 1324 1919 Stolbrandus
1339 1886 1534 1930 episcopus.
1574 1886 1733 1926 Caetera,

358 1953 427 1986 qua
444 1943 577 1976 ratione
594 1943 688 1976 haud
706 1943 836 1987 liquide
854 1947 1001 1982 constat,
1023 1943 1067 1975 ad
1093 1948 1251 1976 nostram
1278 1954 1349 1976 nou
1374 1947 1613 1986 pervenerunt
1639 1948 1734 1978 aeta-

359 2004 440 2032 tem.
491 1999 572 2032 Non
597 2000 723 2033 desunt
748 2000 808 2043 qui
835 1999 989 2033 scribant
1014 2000 1253 2033 sanctissimos
1280 2000 1414 2034 Christi
1433 2004 1609 2044 martyres
1629 1999 1733 2034 Hun-

360 2066 460 2101 garos
478 2055 584 2090 fuisse
601 2067 738 2102 genere,
757 2057 794 2090 in
812 2056 964 2090 Scotiam
984 2055 1220 2091 Ethnicorum
1237 2057 1426 2097 feritatem,
1445 2068 1536 2102 quae
1557 2057 1623 2091 sub
1642 2058 1735 2092 idem

360 2116 495 2155 tempus
522 2114 558 2146 in
588 2113 777 2147 Germania
802 2113 1089 2154 debacchabatur,
1116 2114 1303 2160 fugientes,
1330 2115 1523 2148 servandae
1549 2115 1732 2160 religionis

361 2179 473 2208 causa,
490 2170 689 2214 trajecisse;
717 2171 776 2203 alii
795 2181 838 2203 ex
856 2170 968 2205 Scotis
986 2170 1184 2216 Anglisque
1202 2170 1362 2215 gregarie
1379 2171 1563 2203 collectos:
1590 2171 1650 2203 sed
1668 2182 1734 2204 un-

362 2225 538 2268 decunque
555 2226 697 2266 fuerint,
715 2228 965 2261 consuetudine
983 2227 1104 2261 Scotos
1122 2227 1241 2266 fuisse,
1256 2238 1375 2260 veram
1394 2227 1554 2261 docuisse
1572 2232 1607 2261 et
1626 2228 1734 2261 verbo

361 2285 395 2314 et
412 2292 512 2324 opere
529 2283 702 2325 pietatem,
726 2289 925 2318 constanter
949 2285 1090 2317 tandem
1116 2295 1180 2327 pro
1206 2284 1340 2318 Christi
1359 2284 1500 2318 nomine
1518 2285 1732 2328 martyrium

362 2348 490 2381 passos,
521 2339 645 2372 relatos
675 2340 711 2372 in
741 2340 902 2374 divorum
931 2352 1129 2380 numerum,
1160 2341 1394 2386 beneficiaque
1425 2342 1481 2386 pie
1507 2341 1732 2385 poscentibus

363 2399 537 2437 praestare
550 2395 715 2439 quotidie,
730 2397 828 2436 nulli,
842 2397 903 2441 qui
917 2408 994 2431 eam
1007 2398 1184 2443 regionem
1199 2398 1310 2438 novit,
1324 2403 1440 2442 potest
1452 2409 1526 2433 esse
1538 2398 1732 2444 ignotum.''
