2032 2912
713 345 889 379 GENTIS
914 345 1190 386 SCOTORUM,
1214 347 1303 380 LlB.
1327 348 1372 380 11.
1696 350 1738 382 93

398 440 536 475 Claruit
557 451 651 475 anno
669 447 879 474 Dcxxxm.
907 439 1046 475 Colitur
1068 442 1107 476 in
1130 441 1249 477 Scotia
1271 443 1308 476 in
1332 440 1556 488 Lesmohago
1580 450 1637 476 1x.
1661 441 1738 476 Au-

347 498 465 543 gusti3
492 502 581 542 puto
597 497 642 532 ob
659 497 868 541 importatas
886 508 926 531 eo
944 498 1000 531 die
1017 498 1184 542 reliquias
1198 500 1241 534 de
1258 499 1335 545 ejus
1353 498 1549 543 sepulchro.
1569 498 1737 533 Malmes-

348 555 523 589 buriensis
540 554 601 589 lib.
622 562 675 588 1v.
695 553 793 588 Gest.
813 553 948 588 Pontif.
967 564 1049 601 pag.
1069 563 1191 589 CXLV.

791 667 827 701 S.
855 666 962 701 BEN
963 666 1169 703 EDICTA.
1221 668 1303 703 165.

345 785 380 818 S.
400 783 663 823 BENEDICTA,
679 782 942 817 Ursulanarum
958 793 1042 823 una,
1060 783 1162 829 quus
1180 784 1385 818 memoriam
1405 795 1520 829 nuper
1543 786 1582 819 in
1602 786 1741 830 Marty-

346 841 481 887 rologio
503 839 668 875 Canisius
691 840 898 880 vindicavit,
922 850 986 874 nec
1008 840 1112 884 plura
1134 840 1178 874 de
1201 851 1242 875 ea
1265 841 1308 874 ad
1333 852 1390 875 me
1406 852 1609 886 pervenere.
1662 842 1740 882 Cla-

347 899 420 932 ruit
438 909 531 933 anno
549 906 688 932 CDLIV.
741 896 882 932 Colitur
900 907 979 932 cum
998 897 1145 942 reliquis
1163 906 1252 932 XXI.
1272 898 1449 933 Octobris.

827 1011 862 1046 S.
890 1011 1118 1047 BRIGIDA.
1174 1012 1255 1047 166.

348 1129 383 1162 S.
411 1129 596 1163 BRIGIDA
621 1128 733 1175 virgo,
757 1128 801 1162 de
824 1139 896 1173 qua
918 1139 998 1162 cum
1023 1133 1132 1174 agant
1158 1134 1237 1163 acta
1262 1130 1426 1164 ecclesiae
1453 1130 1682 1171 Faesulanae,
1707 1136 1742 1165 et

347 1186 381 1220 V
382 1187 434 1221 ita
451 1186 486 1220 S.
505 1186 671 1220 Andreae
689 1185 786 1220 Scoti
803 1185 1052 1225 archidiaconi,
1071 1196 1093 1219 a
1110 1185 1279 1231 Philippo
1297 1186 1454 1222 Villanio
1474 1188 1682 1223 Florentino
1700 1189 1742 1222 li-

348 1244 433 1277 teris
457 1243 636 1282 mandata,
660 1246 695 1276 et
718 1243 865 1287 insuper
890 1242 1102 1276 Franciscus
1126 1243 1314 1278 Cattanius
1340 1244 1526 1279 Diacettus
1544 1246 1740 1290 episcopm,

347 1300 514 1334 Silvanus
532 1299 701 1339 Razzius,
721 1303 758 1333 et
774 1299 846 1339 alii,
864 1310 930 1344 ego
948 1302 1071 1333 tamen
1085 1301 1160 1334 sola
1177 1300 1286 1334 verba
1304 1301 1463 1345 Philippi
1481 1301 1651 1342 Ferrarii,
1671 1303 1740 1336 viri

346 1357 575 1397 ornatissimi,
601 1361 708 1401 atque
734 1356 866 1391 iterum
891 1356 1026 1390 ordinis
1053 1355 1246 1393 Servorum
1272 1358 1457 1403 generaliS‚
1491 1369 1668 1403 apponam
1699 1370 1743 1392 ex

347 1413 484 1448 Sanctis
503 1412 640 1454 Italiae,
657 1424 740 1460 pag.
760 1422 876 1448 Lxlx.
905 1417 927 1432 “
944 1412 1096 1459 Brigida
1110 1413 1224 1460 virgo,
1249 1414 1285 1449 S.
1303 1414 1470 1450 Andreae
1493 1416 1631 1450 diaconi
1655 1415 1744 1450 Fae-

347 1471 463 1505 sulani
480 1481 591 1511 soror,
609 1474 644 1505 et
661 1471 739 1516 ipsa
757 1470 907 1505 seculari
926 1469 1002 1504 vita
1019 1471 1142 1505 relicta
1158 1471 1404 1517 virginitatem
1422 1483 1524 1507 suam
1541 1472 1619 1507 Deo
1633 1474 1743 1513 vovit,

347 1529 448 1574 eique
466 1533 542 1563 toto
559 1528 663 1562 corde
676 1528 841 1562 inserviit
853 1537 862 1568 3
883 1538 962 1562 cum
981 1531 1101 1562 autem
1119 1528 1267 1563 fratrem
1280 1540 1325 1564 ex
1336 1529 1404 1564 hac
1416 1530 1492 1564 vita
1505 1530 1744 1576 migraturum

347 1586 521 1620 divinitus
546 1586 747 1630 accepisset,
774 1597 818 1619 ex
844 1585 962 1620 Scotia
988 1585 1158 1620 Faesulas
1184 1586 1284 1621 brevi
1310 1587 1434 1621 divina
1458 1588 1591 1622 virtute
1617 1589 1743 1628 delata,

346 1643 453 1677 fratri
478 1643 646 1678 morienti
672 1642 812 1678 adfuit:
842 1647 924 1688 post
950 1643 1005 1688 cuj
1012 1653 1052 1676 us
1079 1643 1217 1678 obitum
1246 1644 1286 1678 in
1316 1645 1407 1679 silva
1436 1656 1545 1690 supra
1575 1645 1744 1680 Faesulas

347 1701 558 1735 densissima
580 1711 621 1734 ac
642 1700 791 1735 horrida
813 1700 991 1744 reliquum
1009 1700 1115 1741 vitae,
1133 1701 1178 1735 ad
1194 1702 1358 1736 ultimam
1375 1713 1488 1747 usque
1506 1707 1681 1736 senectam
1699 1703 1744 1736 ab

348 1758 444 1792 omni
463 1758 622 1802 virorum
641 1762 677 1791 et
693 1758 883 1791 mulierum
902 1758 1156 1792 consuetudine
1173 1758 1320 1799 alienae,
1338 1758 1510 1800 confecit3
1530 1760 1673 1794 tandem
1689 1771 1743 1794 as-

348 1816 460 1849 siduis
478 1815 623 1861 vigiliis,
637 1814 798 1861 jejuniis,
816 1814 965 1859 aliisque
983 1815 1139 1859 corporis
1157 1816 1464 1856 macerationibus,
1482 1820 1518 1850 et
1535 1817 1638 1851 annis
1662 1829 1744 1864 gra-

348 1878 442 1912 vata,
468 1872 639 1918 migravit
662 1873 708 1906 ad
730 1882 911 1916 sponsum,
938 1882 978 1906 ac
1003 1872 1183 1907 miraculis
1208 1873 1347 1913 claruit,
1373 1873 1430 1907 cui
1455 1874 1494 1908 in
1519 1874 1640 1908 eodem
1667 1875 1742 1909 loco

347 1930 519 1974 templum
546 1929 584 1963 in
610 1940 718 1973 opaco
743 1933 946 1963 extructum
973 1933 1009 1963 et
1034 1930 1190 1964 dicatum
1216 1935 1281 1971 est,
1307 1942 1417 1975 eoque
1440 1931 1639 1965 devotionis
1657 1943 1741 1978 ergo

348 1987 482 2021 incolae
499 1986 674 2021 confluere
692 1986 836 2020 solent.”
881 1985 926 2020 In
941 1987 1230 2022 annotationibus
1243 1987 1329 2022 haec
1341 1988 1435 2022 idem
1449 1988 1600 2032 scriptor
1613 1988 1718 2023 habet
1734 2000 1742 2021 :

350 2049 371 2063 ‘⁶
385 2044 485 2079 Haec
497 2045 638 2078 diversa
651 2043 696 2078 ab
709 2055 750 2078 ea
762 2054 853 2088 quae
870 2043 936 2078 hoc
954 2044 1010 2078 die
1027 2044 1066 2078 in
1079 2044 1339 2091 Martyrologio
1353 2045 1516 2080 Romano
1529 2046 1741 2086 continetur,

349 2102 429 2136 licet
446 2106 598 2146 utraque
615 2101 718 2147 virgo
736 2101 874 2136 Scotica
891 2102 968 2136 sit-'⁵
1012 2101 1136 2142 Porro,
1154 2106 1196 2136 ut
1213 2102 1248 2136 S.
1267 2102 1431 2137 Andreas
1444 2102 1555 2137 frater
1568 2103 1655 2137 viris
1669 2115 1744 2138 mo-

348 2159 543 2193 nasterium
561 2159 718 2193 condidit
735 2158 936 2203 Scopetum,
960 2160 1012 2194 ita
1033 2160 1120 2193 haec
1145 2160 1242 2193 aliud
1265 2160 1472 2194 mulieribus
1491 2159 1604 2195 Scotis
1628 2166 1742 2196 struc-

350 2222 427 2250 tum
455 2216 622 2260 reliquit3
650 2226 775 2250 verum
801 2216 890 2249 illud
916 2217 1093 2250 canonicis
1120 2216 1156 2251 S.
1183 2217 1378 2251 Salvatoris
1404 2222 1486 2251 ante
1513 2226 1597 2252 ccc.
1630 2229 1741 2253 annos

351 2274 465 2313 cessit,
479 2274 574 2308 unde
586 2273 639 2307 illi
653 2273 832 2318 Scopetini
851 2273 1024 2314 audiunt3
1051 2274 1148 2308 istud
1166 2274 1217 2308 ita
1235 2275 1399 2315 exolevit,
1417 2280 1459 2309 ut
1476 2280 1557 2320 post
1574 2275 1743 2310 Faesulas

350 2343 371 2364 a
387 2330 595 2365 Florentino
612 2331 749 2364 dirutas
767 2331 865 2365 nulla
882 2332 1053 2365 memoria
1070 2331 1240 2366 extiterit.
1293 2331 1433 2377 Scripta
1449 2332 1642 2377 perierunt.

399 2387 595 2422 Sanctitate
619 2388 747 2423 claruit
770 2399 863 2422 anno
888 2397 1039 2423 Deccn.
1064 2400 1175 2434 eoque
1199 2389 1370 2424 miraculo
1386 2390 1502 2424 delata
1519 2390 1557 2424 in
1576 2389 1739 2431 Italiam3
1766 2384 1770 2385 ⁷

352 2445 492 2490 quando
510 2445 609 2486 obiit,
627 2457 700 2481 non
717 2446 843 2491 reperi.
895 2446 1035 2481 Colitur
1053 2455 1078 2481 1.
1098 2446 1296 2482 Februarii.
