2032 2912
694 340 870 374 GENTIS
894 338 1172 378 SCOTORUM,
1195 338 1286 371 LIB.
1308 337 1372 371 111.
1664 337 1727 369 175

637 433 762 462 Scoticas
775 433 836 472 pati
850 432 976 472 pruinas.

389 492 493 527 Hanc
512 503 608 538 ergo,
626 491 681 526 uti
700 491 869 530 dicebam,
894 490 1047 524 Romam
1070 500 1234 523 reversus
1258 488 1402 523 Pudens
1425 487 1586 535 legitimo
1603 487 1727 521 matri-

336 551 457 585 monio
475 550 543 584 sibi
557 549 694 596 junxit.
746 547 839 582 Vide
858 547 1016 581 Martial.
1035 546 1096 580 lib.
1117 555 1171 580 IV.
1190 546 1301 592 epigr.
1322 555 1415 581 X111.

386 607 514 642 Nescio
531 607 618 652 quid
636 605 798 650 improbo
816 605 948 639 Balaeo
966 605 1003 637 in
1021 608 1176 637 mentem
1195 604 1334 638 venerit
1353 603 1530 638 Hetrusco
1547 614 1628 637 eum
1647 614 1727 637 san-

335 666 444 711 guine
462 670 592 704 ortum,
611 664 687 698 sine
704 663 778 697 ullo
795 667 896 702 teste,
922 666 957 696 et
975 662 1012 695 in
1031 665 1235 695 senatorum
1253 672 1443 695 numerum
1465 661 1618 702 referre3
1646 672 1726 695 cum

335 734 416 757 eum
445 723 484 756 in
512 720 782 766 quatuordecim
808 720 899 754 locet
924 719 1103 753 Martialis
1129 719 1295 753 laudatus
1321 730 1440 764 supra,
1467 724 1503 753 et
1528 718 1588 754 lib.
1617 727 1642 752 1.
1670 730 1724 763 ep.

336 788 473 814 XXXII.

637 834 730 863 Grata
746 832 862 862 Pudens
878 832 974 862 meriti
989 832 1090 862 tulerit
1104 843 1169 861 cum
1185 833 1311 872 praemia
1325 832 1387 872 pili.

385 893 491 933 Quod
504 893 547 927 de
560 897 718 937 tempore
732 891 841 931 exilii,
855 894 891 924 et
904 891 1112 935 nuptiarum
1130 903 1210 925 cum
1229 891 1390 931 Claudia,
1405 895 1498 925 certe
1509 896 1632 936 postea
1645 896 1666 911 “
1678 903 1729 926 se-

334 957 439 986 nator
457 951 501 985 ab
518 950 688 995 apostolis
708 949 853 984 Christo
870 949 909 983 in
927 949 1104 993 baptismo
1122 950 1305 989 vestitus,’'
1327 950 1378 983 ait
1396 949 1632 995 Martyrolog.
1657 949 1728 984 Ro-

336 1021 430 1044 man.
450 1018 539 1043 XIX.
559 1008 661 1048 Maii,
688 1012 710 1027 “
727 1007 950 1041 innocentem
970 1007 1127 1041 tunicam
1145 1018 1257 1052 usque
1282 1008 1326 1041 ad
1352 1008 1447 1042 vitae
1473 1018 1638 1042 coronam
1664 1009 1731 1042 im-

337 1067 512 1101 maculate
530 1065 755 1100 custodivit.''
785 1063 922 1098 Eadem
940 1064 1050 1105 Beda,
1070 1064 1268 1106 Usuardus,
1288 1064 1370 1099 Ado
1389 1065 1593 1100 Trevirens.
1608 1071 1643 1100 et
1657 1066 1728 1100 alii.

336 1124 504 1158 Meminit
521 1124 598 1169 ejus
616 1122 733 1156 Divus
752 1121 886 1156 Paulus
905 1122 1007 1166 epist.
1028 1131 1070 1156 11.
1090 1123 1135 1156 ad
1153 1122 1385 1158 Timotheum
1407 1135 1483 1168 cap.
1503 1133 1557 1157 1v.
1588 1124 1626 1158 in
1649 1124 1730 1164 fine,

336 1187 372 1216 et
390 1182 427 1215 in
446 1182 522 1227 ejus
541 1180 687 1215 aedibus
705 1180 752 1214 D.
773 1179 922 1214 Petrum
945 1181 1188 1224 apostolorum
1205 1181 1403 1226 principem
1420 1181 1556 1216 Romae
1574 1183 1731 1226 primum

336 1240 555 1273 diversatum
574 1243 740 1272 constans
758 1237 802 1271 ab
821 1237 1035 1281 antiquitate
1053 1237 1150 1272 fama
1171 1239 1358 1282 persuasit.
1386 1239 1519 1274 Baron.
1544 1240 1589 1273 ad
1615 1241 1732 1274 locum

337 1297 574 1342 Martyrolog.
598 1295 795 1330 laudatum.
826 1292 975 1329 Liberos
997 1299 1117 1329 autem
1139 1297 1276 1340 peperit
1303 1296 1458 1331 Pudenti
1484 1296 1635 1331 Claudia
1660 1302 1732 1331 tres

336 1359 488 1394 sanctos,
525 1353 721 1392 Novatum,
758 1352 1032 1392 Pudentianam,
1070 1353 1250 1387 Paxedem
1265 1364 1274 1394 ;
1311 1354 1354 1388 de
1384 1354 1515 1399 quibus
1545 1355 1619 1388 suis
1647 1356 1732 1389 locis

336 1413 402 1446 hoc
430 1423 545 1456 opere.
598 1410 674 1445 Nec
700 1421 785 1444 vero
810 1409 1005 1444 Parsonius
1032 1421 1109 1444 eam
1135 1410 1295 1457 Anglam
1320 1411 1417 1451 facit,
1444 1412 1516 1446 imo
1542 1412 1670 1456 probat
1695 1413 1733 1446 in

336 1470 577 1504 Conversione
594 1467 796 1514 Anglicana
813 1478 885 1501 non
902 1467 1061 1512 potuisse
1080 1479 1155 1502 esse
1172 1468 1354 1515 Anglam3
1383 1474 1418 1504 et
1436 1469 1578 1503 Scotam
1595 1469 1680 1504 facit
1694 1479 1733 1504 V.

337 1530 377 1562 cl.
396 1526 560 1561 Andreas
579 1526 766 1560 Marianus
784 1525 968 1566 Lucensis,
987 1526 1120 1567 doctor,
1146 1538 1187 1561 ac
1210 1526 1389 1572 professor
1412 1527 1596 1562 Bononiae
1619 1528 1732 1572 philo-

337 1586 492 1630 sophiae,
511 1586 550 1619 in
566 1584 680 1619 literis
698 1584 795 1618 hisce
813 1583 945 1618 nostris
963 1584 1069 1630 longe
1087 1585 1370 1620 versatissimus:
1392 1586 1423 1620 is
1442 1597 1526 1632 ergo
1545 1586 1582 1619 in
1601 1585 1732 1621 Ruinis

337 1644 473 1678 Romae
490 1644 550 1677 lib.
567 1652 629 1677 111.
646 1642 739 1688 epig.
755 1651 904 1676 xxxlv.
920 1642 969 1676 sic
983 1643 1028 1676 ad
1042 1642 1245 1686 pontificem
1259 1642 1447 1677 Urbanum
1460 1653 1534 1677 ΠΧ.
1549 1645 1709 1689 loquitur
1724 1655 1732 1678 :

638 1723 685 1751 Tu
702 1723 829 1751 Romane
844 1722 969 1756 Pudens,
985 1728 1019 1750 tu
1036 1722 1136 1751 Scotae
1152 1723 1272 1751 Claudia
1286 1724 1393 1761 gentiS,

679 1770 811 1798 Pontifici
826 1770 951 1808 primum
965 1769 1093 1808 panditis
1107 1770 1273 1808 hospitium.

639 1817 793 1846 Fortunati
807 1817 898 1850 ambo,
913 1826 1035 1855 quorum
1049 1817 1150 1846 domus
1164 1817 1277 1856 hospita
1293 1818 1378 1848 Petro

678 1864 774 1893 Tutus
788 1870 850 1893 erat
863 1870 964 1903 portus
978 1865 1059 1893 navis
1073 1864 1252 1903 apostolicae.

641 1911 763 1941 Claudia
776 1911 894 1941 vestalis
907 1922 1015 1940 numen
1029 1922 1189 1950 navemque
1203 1913 1321 1951 recepit,

678 1959 763 1997 Cepit
775 1958 936 1987 naviculam
952 1958 1082 1993 Claudia,
1099 1959 1193 1994 Petre,
1208 1965 1297 1988 tuam.

391 2043 579 2087 Scripsisse
597 2046 716 2076 autem
735 2041 885 2075 Claudia
902 2042 1033 2076 dicitur

484 2099 758 2145 Epigrammata
1229 2100 1289 2134 lib.
1311 2110 1336 2134 1.

389 2158 557 2192 Florebat
568 2168 661 2191 anno
672 2158 777 2191 salut.
790 2165 908 2191 XCIII.
921 2160 983 2190 aut
995 2163 1135 2201 praeter
1146 2163 1302 2202 propter.
1327 2158 1419 2193 Eam
1433 2160 1539 2194 etiam
1554 2161 1648 2195 inter
1658 2172 1730 2195 rna-

340 2222 463 2250 tronas
494 2215 597 2248 laude
629 2215 866 2249 continentiae
897 2215 1109 2250 clarissimas
1144 2221 1309 2250 numerat
1344 2217 1558 2252 Plutarchus
1593 2219 1653 2253 lib.
1686 2221 1729 2254 de

337 2275 491 2321 Conjug.
513 2274 694 2318 Praecept.
714 2274 758 2307 ad
778 2273 896 2306 finem.

802 2371 836 2405 S.
866 2371 1132 2405 CLAUDIUS.
1185 2375 1268 2407 303.

338 2448 374 2482 S.
420 2447 642 2488 CLAUDIUS,
686 2446 832 2481 Alcuini
879 2446 974 2480 Scoti
1018 2446 1161 2492 collega,
1205 2453 1438 2492 cognomento
1481 2448 1654 2489 Clemens,
1695 2452 1732 2484 in

339 2505 528 2540 academiis
558 2505 750 2539 Parisiensi
777 2509 811 2538 et
839 2503 1020 2537 Ticinensi
1047 2504 1223 2550 erigendis
1251 2516 1393 2549 operam
1419 2508 1577 2541 navavit.
1610 2507 1730 2554 Aegy-
