2032 2912
372 318 435 352 176
576 317 579 320 ”
757 315 990 349 HISTORIA
1014 313 1391 347 ECCLESIASTICA

568 412 641 457 psit
658 411 859 457 Dungalus.
892 410 985 446 Vide
1003 421 1094 456 quae
1111 409 1253 444 notavit
1266 408 1447 454 Papyrius
1465 407 1657 443 Massonus
1675 409 1698 443 J
1701 432 1710 442 .
1729 410 1770 443 C.

517 470 561 504 In
579 469 625 503 D.
645 469 873 503 Matthaeum
1017 501 1020 504 Δ
1346 467 1408 501 lib.
1430 475 1490 501 ΙΙΙ.
1509 478 1615 512 quem
1633 467 1771 512 primus

568 527 734 572 exposuit
753 526 932 560 Baronius
950 530 1037 560 tom.
1058 534 1098 560 X.
1116 524 1251 560 Annal.

517 585 563 619 In
582 585 867 619 Pentateuchum
1354 583 1415 617 lib.
1435 592 1474 617 V.

516 643 560 678 In
580 643 709 688 Capita
725 642 896 676 Judicum
1353 642 1415 675 lib.
1437 651 1462 675 Ι.

515 701 774 735 Enarrationes
793 701 831 734 in
849 700 952 735 Ruth
1351 699 1413 734 lib.
1434 708 1460 733 Ι.

515 758 631 803 Super
649 759 866 792 Psalterium
1353 758 1415 792 lib.
1436 767 1461 792 Ι.

515 816 560 850 In
578 828 700 851 omnes
718 816 900 860 Epistolas
919 816 1024 850 Pauli
1353 816 1414 850 lib.
1435 825 1460 849 1.

515 874 571 908 De
589 874 907 920 Evangelistarum
926 874 1124 908 Concordia
1355 874 1416 907 lib.
1436 881 1524 907 XtV.

516 932 726 966 Memoriale
746 931 991 965 Historiarum
1353 932 1414 966 lib.
1434 941 1459 966 1.

517 989 664 1024 Summa
684 990 859 1034 quaedam
1351 990 1412 1023 lib.
1434 999 1459 1023 Ι.

517 1047 698 1081 Homiliae
1349 1048 1410 1082 lib.
1435 1057 1460 1081 Ι.
1503 1051 1546 1081 ut
1590 1047 1772 1083 Bostonus

565 1105 725 1138 tradidit.

416 1162 603 1197 Claritudo
626 1163 818 1207 praecipua
840 1174 934 1197 anno
953 1171 1157 1197 DCCCLXV.
1185 1165 1246 1198 sed
1273 1164 1417 1209 quando
1443 1163 1582 1205 obierit,
1610 1169 1673 1199 aut
1698 1164 1772 1204 ubi,

366 1232 438 1256 non
454 1221 581 1265 reperi.

833 1336 1076 1371 CLEMENS
1101 1337 1168 1373 VI.
1222 1340 1305 1373 305.

370 1454 573 1488 CLEMENS
591 1453 657 1489 VI.
677 1453 743 1487 etsi
767 1457 849 1487 ortu
873 1453 1060 1494 Lemovix,
1083 1458 1204 1488 tamen
1227 1454 1322 1488 inter
1346 1453 1470 1488 Scotos
1494 1465 1591 1488 meos
1612 1454 1696 1500 jure
1718 1467 1774 1490 re-

369 1516 522 1557 ponetur
541 1523 583 1546 ex
603 1511 869 1546 Scotichronico
887 1511 946 1545 lib.
967 1521 1022 1544 VI.
1044 1523 1119 1556 cap.
1140 1521 1237 1546 XLV.
1267 1517 1288 1532 “
1308 1512 1379 1546 Hi'c
1404 1512 1504 1556 Papa
1522 1512 1686 1547 Clemens
1706 1512 1771 1548 VI.

370 1570 551 1605 descendit
570 1570 746 1603 linealiter
764 1570 807 1602 de
832 1569 950 1603 Maria
969 1570 1149 1604 comitissa
1171 1569 1367 1610 Bononiae,
1392 1570 1465 1604 filia
1489 1570 1525 1604 S.
1546 1570 1773 1616 Margaretae

369 1629 524 1674 reginae,
561 1632 595 1661 et
632 1627 812 1661 Malcolmi
850 1627 945 1672 regis
978 1627 1197 1661 Scotorum.”
1255 1627 1334 1662 Hoc
1366 1629 1464 1662 nolui
1496 1628 1679 1668 omissum,
1710 1629 1773 1673 qui

370 1687 463 1721 bona
486 1685 554 1719 fide
578 1696 634 1719 res
660 1684 799 1718 Scotiae
823 1696 921 1718 meae
944 1686 1115 1729 disquiro,
1140 1690 1176 1720 et
1200 1686 1412 1720 honorificos
1438 1686 1555 1720 laudis
1578 1696 1651 1720 non
1672 1685 1775 1721 fictae

372 1745 497 1779 titulos
515 1743 547 1777 ei
567 1754 743 1788 comparo.
798 1742 1023 1777 Consulenda
1043 1743 1127 1777 hist.
1147 1745 1266 1778 eccles.

421 1801 520 1837 Sedit
538 1802 641 1836 annis
664 1800 834 1848 [decem]
890 1800 1037 1836 Electus
1056 1806 1110 1836 est
1128 1814 1222 1837 anno
1243 1800 1501 1849 [MCCCXLH]

820 1917 856 1952 S.
877 1916 1196 1952 CADUCANUS.
1250 1918 1333 1953 306.

374 2035 410 2070 S.
446 2035 711 2075 CADUCANUS,
747 2035 879 2069 illustri
914 2034 1085 2069 comitum
1120 2035 1163 2069 de
1198 2034 1359 2069 Galweia
1399 2035 1573 2081 sanguine
1614 2037 1653 2069 in
1694 2035 1776 2071 Sco-

375 2095 426 2128 tia
451 2099 568 2134 natus,
601 2093 695 2127 filius
723 2093 901 2138 Fergusii,
930 2092 1042 2127 frater
1067 2092 1231 2134 Othredi,
1259 2105 1339 2128 cum
1366 2094 1429 2127 diu
1456 2094 1557 2128 bonis
1585 2094 1698 2129 literis
1724 2094 1777 2128 in-

376 2152 555 2186 cubuisset
591 2152 629 2185 in
662 2152 840 2185 academia
871 2151 1079 2191 Oxoniensi,
1113 2163 1204 2196 quae
1235 2152 1400 2186 omnibus
1429 2151 1543 2186 Scotis
1580 2157 1615 2186 et
1646 2151 1777 2186 Hiber-

376 2210 443 2249 nis,
466 2214 508 2243 ut
534 2210 620 2249 dixi,
647 2221 718 2243 non
745 2210 863 2243 minus
890 2221 998 2254 quam
1025 2208 1156 2255 Anglis
1183 2210 1382 2244 communis
1415 2214 1502 2250 erat,
1529 2214 1565 2244 et
1592 2209 1778 2243 confirmat

378 2266 600 2300 clementina
634 2265 678 2300 de
711 2265 916 2312 Dlagistris
949 2267 1009 2301 lib.
1046 2276 1084 2301 V.
1125 2279 1168 2301 ex
1208 2269 1348 2302 decreto
1388 2268 1527 2302 concilii
1562 2267 1778 2302 Viennensis

378 2324 444 2358 sub
479 2324 660 2358 Clemente
690 2324 735 2359 V.
772 2325 854 2359 inde
884 2330 1076 2365 extractus,
1105 2326 1150 2359 ad
1181 2325 1469 2360 Banehorensem
1500 2326 1618 2359 sedem
1649 2335 1777 2358 vacan-

379 2387 450 2416 tem
482 2387 638 2422 vocatus,
667 2383 729 2416 diu
759 2395 836 2417 eam
860 2384 917 2428 pie
948 2388 983 2417 et
1014 2384 1194 2418 moderate
1220 2384 1509 2424 administravit3
1541 2383 1603 2417 sed
1634 2382 1776 2428 regimi-

380 2441 435 2475 nis
461 2444 655 2484 pertaesus,
681 2441 847 2475 derelicto
876 2441 1021 2482 honore,
1048 2442 1085 2475 in
1113 2440 1268 2475 Scotiam
1291 2442 1512 2488 remigravit,
1539 2445 1574 2474 et
1593 2451 1629 2474 se
1647 2440 1685 2473 in
1704 2451 1777 2473 mo-
