2044 2992
766 900 1177 938 ILLUSTRISSIMO
1204 902 1338 937 VIRO

481 1076 734 1133 FABIO
765 1076 1022 1132 SCOTO
1054 1077 1621 1143 PLACENTINO,

826 1269 1026 1310 MICINI
1056 1269 1279 1317 COMITI,

363 1475 400 1502 D.
416 1473 661 1503 BASSIANUS
677 1473 822 1504 GATUS
838 1473 1022 1504 PLACEN.
1038 1473 1286 1504 MONACHUS
1303 1475 1692 1509 HIERONYMIANCs
1710 1478 1743 1506 F.

365 1689 554 1728 THOMAE
584 1689 854 1736 DEMPSTERI,
881 1688 1062 1729 hominis
1092 1694 1202 1728 certe
1225 1688 1302 1728 hac
1331 1694 1466 1729 aetate
1496 1690 1737 1736 admirandi,

365 1751 453 1791 Vm
473 1751 758 1799 illustrissime,
779 1752 830 1791 de
847 1752 1032 1792 Historia
1047 1751 1335 1792 Ecclesiastica
1355 1753 1503 1792 Gentis
1522 1754 1737 1793 Scotorum

366 1815 593 1855 dedicanda
623 1830 725 1863 run,
755 1821 798 1855 et
824 1815 1043 1864 offerenda,
1070 1820 1254 1855 mentem
1280 1815 1406 1855 fuisse
1436 1830 1520 1856 non
1551 1817 1737 1870 ignoras:

365 1892 490 1932 quam
510 1884 660 1926 tamen,
680 1893 732 1918 ne
753 1879 806 1918 ad
825 1884 1015 1932 optatum
1035 1879 1281 1932 perduceret
1295 1879 1467 1927 exitum,
1483 1894 1591 1920 mors
1606 1881 1740 1920 vetuit

365 1948 635 1995 praematura,
670 1948 882 1995 typosque,
910 1942 983 1995 qui
1012 1942 1096 1981 tuis
1119 1943 1395 1996 properabant
1421 1943 1668 1997 sumptibus,
1695 1945 1738 1984 in

364 2005 501 2044 medio
520 2019 643 2045 cursu
664 2012 726 2045 est
746 2011 958 2045 remorata.
1017 2005 1192 2045 Factum
1212 2005 1484 2046 nihilominus
1510 2007 1590 2047 Dei
1618 2009 1740 2048 bene-

363 2068 467 2116 ficio,
497 2075 546 2108 ut
575 2069 734 2122 aliquot
763 2075 860 2108 ante
885 2069 1032 2108 diebus
1060 2083 1134 2122 per
1162 2067 1303 2109 literas
1332 2070 1386 2109 ad
1414 2084 1480 2110 me
1508 2070 1738 2112 Bononiam

365 2132 557 2172 Vicentia
604 2132 730 2179 datas,
779 2133 892 2185 quod
939 2132 1039 2172 haec
1082 2138 1290 2172 testantur
1337 2135 1470 2182 verba,
1519 2141 1540 2158 ‘⁶
1573 2135 1740 2175 interim
1809 2174 1813 2178 .

366 2195 594 2236 Historiam
634 2202 749 2236 tuam
789 2196 917 2249 magis
955 2210 1081 2250 quam
1120 2210 1253 2236 meam
1293 2198 1446 2237 arctius
1483 2204 1581 2238 tuae
1618 2213 1740 2240 curae

365 2260 618 2308 commendo,
646 2259 747 2300 haec
781 2261 892 2300 enim
930 2260 1122 2314 deinceps
1156 2275 1231 2314 pro
1264 2259 1402 2301 liberis
1436 2262 1550 2310 erit,”
1585 2263 1637 2303 de
1668 2278 1742 2304 sua

364 2329 504 2363 mente
538 2338 604 2364 me
636 2324 851 2364 certiorem
886 2324 1040 2371 fecerit,
1074 2324 1137 2364 uti
1169 2326 1256 2379 jam
1290 2325 1451 2379 saepius
1481 2325 1585 2366 mihi
1617 2333 1664 2366 tu
1700 2335 1742 2368 et

366 2386 436 2426 ille
467 2387 783 2434 commiseratis3
819 2402 870 2428 ex
899 2402 983 2442 quo
1013 2388 1169 2428 nemini
1198 2389 1351 2429 mirum
1380 2390 1509 2430 videri
1539 2390 1674 2439 debet,
1708 2392 1741 2431 si

366 2451 391 2485 ἐν
415 2451 568 2498 &mov-5121
589 2454 671 2499 χορῷ
692 2450 774 2488 πόδα
797 2452 911 2499 τίθημι.
972 2452 1105 2496 Quam
1127 2452 1380 2506 provinciam
1407 2468 1455 2494 eo
1479 2454 1582 2494 mihi
1611 2453 1742 2495 liben-
