2032 2912
321 299 360 327 88
700 293 930 326 HISTORIA
954 290 1327 324 ECCLESIASTICA

321 390 427 430 domi,
446 389 506 424 sed
523 388 609 423 foris
627 388 810 427 illustrior,
828 386 1000 420 Eduardo
1018 384 1221 420 Confessori
1245 384 1400 431 Angliae
1423 384 1499 431 regi
1523 385 1561 418 in
1585 386 1710 430 paucis

321 458 436 481 carus.
503 445 609 479 Hunc
644 445 806 478 nonnulli
840 444 996 479 Saxonia
1029 442 1231 482 oriundum,
1266 442 1325 476 alii
1362 441 1609 488 Lotharingia,
1657 444 1713 476 vel

321 503 520 542 Germania,
540 502 578 535 in
595 502 766 547 Angliam
783 502 973 547 trajecisse,
994 501 1055 535 sed
1072 500 1148 533 sine
1165 500 1240 534 ullo
1260 504 1355 534 certo
1373 504 1527 534 auctore.
1575 497 1619 533 In
1638 498 1714 533 An-

319 561 393 606 glia
417 560 659 604 episcopatum
685 558 964 594 Bathoniensem
992 562 1027 593 et
1053 555 1267 592 Wellensem
1294 566 1379 591 XIV.
1409 557 1556 591 antistes
1583 557 1711 595 tenuit,

319 617 479 661 seditque
496 616 598 650 annis
617 624 751 650 xxvn.
796 616 936 661 Scripta
954 616 1031 662 ejus
1048 615 1243 660 perierunt,
1262 619 1403 659 praeter
1420 625 1533 649 unum
1545 623 1633 648 ‘cum
1649 613 1713 647 hat·

322 673 534 720 epigraphe:

467 730 682 775 Compilatio
701 730 920 776 Temporum
1261 729 1320 763 lib.
1343 738 1367 763 1.

370 788 603 822 Consecratus
621 792 674 822 est
691 799 785 823 anno
802 789 929 822 salutis
950 797 1105 823 Mxxxl.

729 901 891 937 DAVID
918 901 1166 936 BETONUS.
1219 904 1301 937 154.

319 1018 457 1051 DAVID
492 1017 651 1052 Betonus
685 1016 1004 1056 Sanctandreanus,
1041 1017 1213 1052 bonarum
1249 1017 1383 1051 artium
1417 1027 1524 1050 causa
1559 1017 1715 1063 peregri-

319 1075 461 1109 natione
491 1078 663 1118 suscepta,
694 1075 894 1108 adolescens
929 1073 1077 1108 Parisiis
1111 1075 1276 1114 studuit;
1317 1074 1374 1107 vir
1407 1073 1535 1114 factus,
1572 1075 1713 1120 legatus

318 1133 363 1165 ad
390 1132 627 1166 Franciscum-
646 1130 843 1165 Galliarum
868 1142 998 1177 regem,
1026 1135 1061 1165 et
1087 1131 1242 1166 Paulum
1269 1130 1338 1165 ΙΙΙ.
1366 1132 1546 1175 praeclare
1573 1132 1616 1165 de
1634 1131 1715 1165 reli-

318 1190 422 1235 gione
450 1188 633 1223 Catholica
661 1193 697 1223 et
723 1199 788 1223 sua
812 1188 930 1233 patria
955 1188 1115 1230 meritus,
1143 1189 1332 1223 cardinalis
1363 1194 1502 1224 creatus
1534 1193 1588 1223 est
1619 1201 1716 1234 pres-

319 1247 422 1291 byter
439 1246 505 1280 sub
522 1247 627 1280 titulo
644 1245 681 1279 S.
700 1245 871 1290 Stephani
889 1246 928 1279 in
945 1244 1065 1281 Coelio
1082 1246 1229 1286 Monte3
1257 1246 1388 1280 creatio
1411 1246 1538 1281 incidit
1565 1246 1602 1280 in
1621 1255 1713 1280 xnx.

320 1305 619 1339 calend-'Januan
639 1316 732 1339 anno
752 1313 1003 1338 MDxxxvnI.
1047 1303 1183 1338 Paulus
1200 1302 1224 1336 J
1226 1304 1328 1338 ovius
1346 1303 1385 1338 in
1404 1302 1583 1349 Descript.
1603 1303 1716 1338 Scoti-

322 1372 382 1396 ca:
410 1367 431 1381 “
445 1362 526 1396 Fifa
539 1363 637 1408 regio
650 1362 814 1403 occurrit,
828 1362 979 1407 insignis
993 1361 1029 1395 S.
1043 1359 1209 1395 Andreae
1227 1361 1326 1401 urbe,
1344 1372 1527 1395 sacrorum
1545 1362 1715 1406 primatu,

322 1424 357 1453 et
374 1420 551 1465 gymnasii
569 1421 791 1459 auctoritate,
808 1423 985 1464 portuque
1002 1418 1209 1459 clarissima,
1234 1418 1291 1452 cui
1314 1418 1419 1452 hodie
1437 1423 1578 1463 praeest
1595 1418 1715 1453 David

323 1476 506 1517 Betonius,
518 1477 687 1522 purpurei
700 1477 811 1523 galeri
823 1476 1008 1522 dignitate,
1020 1475 1115 1510 vitae
1126 1476 1322 1520 splendore,
1336 1487 1376 1509 ac
1387 1475 1522 1522 ingenii
1537 1475 1715 1521 gravitate

322 1533 503 1568 illustris.”
553 1533 694 1568 Tantus
720 1534 777 1568 hic
803 1534 951 1568 antistes
977 1544 998 1567 a
1023 1532 1159 1567 sicariis
1186 1532 1372 1567 haereticis
1398 1532 1437 1566 in
1464 1532 1624 1567 cubiculo
1650 1543 1715 1566 suo

321 1592 564 1637 strangulatus
582 1595 657 1632 est;
684 1591 883 1636 percussori
901 1601 1029 1625 nomen
1047 1590 1236 1635 praecipuo
1254 1589 1437 1630 Leslaeus,
1458 1589 1520 1635 qui
1539 1590 1577 1623 in
1596 1601 1634 1624 os
1659 1590 1716 1623 de-

321 1647 434 1682 functi
468 1648 608 1688 minxit,
643 1654 879 1693 ornatumque
913 1648 1064 1682 cadaver
1097 1647 1331 1682 cardinalitiis
1377 1647 1544 1693 insigniis
1588 1647 1716 1691 parieti

321 1715 515 1748 appensum
533 1705 641 1739 variis
660 1705 883 1739 contumeliis
901 1705 1093 1739 affecerunt
1110 1704 1284 1750 sacrilegi,
1314 1715 1335 1737 a
1353 1704 1485 1748 quibus
1503 1703 1601 1738 Deus
1619 1709 1717 1748 post-

322 1773 362 1795 ea
390 1761 524 1796 debitas
549 1773 680 1806 poenas
707 1762 826 1808 exegit
838 1776 846 1802 ;
871 1759 954 1796 nam
978 1762 1097 1796 nullus
1121 1760 1340 1795 nefariorum
1365 1772 1617 1806 percussorum
1644 1772 1716 1795 non

323 1819 478 1853 violenta
500 1824 613 1853 morte
637 1820 834 1854 exstinctus
858 1824 922 1859 est,
945 1823 981 1853 et
1002 1818 1171 1853 Leslaeus
1195 1822 1354 1853 sternace
1379 1829 1470 1864 equo
1488 1818 1644 1864 dejectus
1664 1819 1716 1852 in-

322 1876 429 1916 teriit,
448 1876 667 1911 memorabili
685 1888 769 1911 sane
787 1878 968 1921 exemplo:
995 1887 1107 1921 equus
1129 1877 1167 1910 in
1191 1876 1368 1910 volventis
1393 1887 1432 1910 os
1456 1876 1601 1917 meiens,
1625 1876 1716 1910 divi-

323 1944 387 1967 nae
412 1933 588 1968 vindictae
610 1939 753 1975 certam,
776 1935 859 1968 licet
882 1934 1028 1968 dilatam
1052 1933 1270 1978 aliquandiu,
1296 1934 1522 1968 severitatem
1547 1934 1714 1968 ostendit.

324 1991 513 2025 Eduardus
530 1991 658 2026 Hallus
672 1992 733 2026 lib.
749 2001 838 2026 v111.
852 1993 895 2026 de
909 1992 1060 2025 duarum
1075 1990 1256 2024 Familiar.
1272 1990 1431 2025 Unione.‘
1441 1990 1575 2025 Actum
1589 1991 1714 2025 deinde

323 2054 489 2093 sequente
518 2060 611 2083 anno
641 2050 684 2083 de
713 2055 787 2084 tam
817 2050 966 2095 indigna
997 2049 1102 2083 caede
1137 2048 1361 2082 vindicanda.
1396 2047 1517 2082 Jacob.
1554 2048 1713 2095 August.

323 2103 496 2140 Thuanus
519 2106 580 2140 lib.
608 2117 664 2141 111.
691 2107 946 2142 Historiarum.
998 2105 1067 2140 Sed
1090 2105 1236 2146 frustra,
1261 2106 1388 2140 exinde
1412 2106 1507 2140 enim
1530 2117 1585 2140 res
1609 2108 1715 2140 eccle-

324 2162 464 2197 siastica
492 2168 587 2198 retro
622 2165 659 2198 in
693 2165 767 2199 dies
801 2164 899 2206 ferri,
935 2175 975 2198 ac
1009 2162 1195 2198 haereticis
1231 2163 1324 2197 vires
1359 2174 1524 2198 crescere.
1594 2162 1715 2209 Hujus

326 2224 408 2253 sunt
424 2231 432 2252 :

470 2277 524 2312 De
542 2277 796 2325 Legationibus
814 2280 887 2314 suis
1212 2278 1273 2312 lib.
1294 2287 1319 2312 1.

472 2334 527 2368 De
545 2334 707 2370 Primatu
724 2336 823 2371 Petri
1210 2336 1271 2370 lib.
1291 2345 1315 2369 1.
1335 2335 1437 2370 Vidit
1455 2335 1499 2370 G.
1519 2335 1714 2370 Bure-laius.

473 2391 654 2436 Epistolae
672 2394 715 2428 ad
734 2395 891 2429 diversos
1214 2394 1274 2428 lib.
1294 2404 1317 2428 1.
