2032 2912
346 310 411 340 184
731 304 966 338 HISTORIA
990 301 1367 336 ECCLESIASTICA

349 405 430 438 lasti
449 402 711 437 modulabiliter
728 398 940 434 decantari?
970 398 1110 438 Quibus
1137 403 1293 439 sanctus,
1321 409 1431 443 quare
1455 402 1491 432 et
1514 409 1577 432 vos
1602 399 1745 433 inutilia

346 473 440 496 nunc
458 459 624 505 profertis
643 459 752 492 verba
763 458 779 491 ἶ)
800 457 977 502 quomodo
996 456 1041 490 ab
1054 456 1115 490 illo
1129 457 1259 490 misero
1273 456 1509 490 homuncione
1523 457 1742 501 postularem

346 530 485 553 carmen
503 517 670 556 laetitiae,
689 516 751 561 qui
770 527 865 550 nunc
883 515 928 549 ab
945 514 1099 548 inimicis
1117 514 1318 548 trucidatus
1336 525 1450 559 usque
1465 514 1509 548 ad
1524 514 1630 548 finem
1645 515 1744 548 ocius

344 575 507 619 pervenit
534 574 629 608 vitae
642 573 680 606 ?⁷'
706 573 828 618 Atque
854 574 906 608 ita
932 573 970 607 in
995 577 1186 616 conspectu
1210 573 1269 606 ille
1295 584 1314 606 e
1341 573 1494 619 vestigio
1520 572 1742 607 interfectus.

345 633 380 666 N
383 644 420 667 ec
438 634 542 677 plura
559 632 602 665 de
620 643 660 665 eo
678 633 774 676 apud
792 632 903 665 alium
922 630 1068 664 memini
1086 641 1142 664 me
1160 631 1288 676 legere.
1334 629 1428 676 Ejus
1447 635 1533 665 sunt
1551 631 1720 675 opuscula
1735 641 1742 663 :

489 689 659 723 Carmina
676 690 777 723 varia
1236 689 1297 722 lib.
1319 698 1344 722 Ι.

490 748 589 781 Odae
607 752 642 781 et
661 747 809 781 Cantica
1236 747 1298 781 lib.
1319 755 1345 780 1.

381 806 484 841 Vixit
498 807 589 840 circa
603 817 736 840 annum
752 814 817 839 De.
833 808 1043 839 coaetaneus
1057 803 1093 838 S.
1110 804 1345 844 Columbano,
1364 804 1407 838 de
1420 816 1492 849 quo
1505 805 1608 849 plene
1622 816 1741 850 supra.

703 919 997 955 GILBERTUS
1024 918 1244 955 CRABBE.
1298 922 1381 954 322.

341 1039 579 1074 GILBERTUS
598 1037 750 1077 Crabbe,
773 1036 1000 1070 celeberrimo
1023 1047 1088 1080 per
1106 1036 1241 1070 Gallias
1259 1036 1415 1082 ingenio,
1441 1036 1652 1077 eruditione,
1677 1037 1742 1071 lin-

337 1110 420 1144 gua,
436 1102 471 1131 et
485 1097 640 1130 nomine.
673 1095 817 1129 Laudat
832 1095 1028 1138 impensius
1042 1094 1227 1129 Arnoldus
1241 1093 1452 1129 Amedelius
1466 1095 1510 1128 de
1524 1094 1640 1135 Sonis,
1655 1095 1742 1130 Car-

337 1156 459 1190 melita
478 1154 747 1193 Condomensis,
766 1153 804 1187 in
823 1152 1000 1197 Epistolis
1018 1153 1104 1187 suis.
1158 1152 1271 1187 Edita
1287 1157 1373 1186 sunt
1391 1152 1436 1187 ab
1456 1163 1518 1187 eo:

486 1212 739 1246 Terminorum
760 1211 955 1245 Moralium
1284 1211 1345 1244 lib.
1367 1220 1391 1244 Ι.

489 1271 565 1305 Pro
583 1270 750 1304 Puritate
771 1269 909 1303 Mariae
1292 1269 1353 1303 lib.
1374 1278 1389 1302 1
1433 1276 1435 1278 ’

486 1328 547 1363 Ad
565 1339 647 1362 suos
666 1327 871 1372 Discipulos
1286 1327 1347 1361 lib.
1368 1336 1394 1361 1.

386 1388 487 1423 Obiit
501 1387 739 1432 Burdegaliae
756 1396 849 1419 anno
862 1394 1001 1419 MDXX.
1050 1385 1137 1420 Fuit
1150 1385 1382 1431 provincialis
1397 1385 1472 1420 ord.
1489 1385 1734 1422 Carmelitani.

692 1502 727 1536 S.
756 1501 1038 1536 CUMENEUS
1063 1502 1242 1537 ALBUS.
1296 1505 1379 1537 323.

338 1623 372 1656 S.
403 1621 637 1656 CUMENEUS
664 1619 708 1653 ab
735 1618 862 1652 habitu
889 1619 1046 1662 corporis
1074 1619 1191 1654 Albus
1221 1623 1381 1659 vocatur,
1410 1630 1508 1653 more
1537 1619 1589 1653 illi
1621 1622 1738 1655 seculo

337 1679 517 1719 familiari,
549 1682 591 1712 ut
625 1677 840 1711 Brandanus
872 1675 997 1721 Niger,
1028 1676 1173 1711 Ewaldi
1204 1675 1322 1711 Albus
1350 1681 1386 1710 et
1416 1676 1542 1723 Niger,
1572 1688 1667 1711 unus
1695 1689 1738 1713 ex

337 1738 463 1783 primis
496 1735 750 1770 Benedictinae
778 1733 934 1767 familiae
960 1735 998 1767 in
1024 1734 1144 1769 Scotia
1169 1735 1363 1775 monachis,
1390 1746 1435 1769 ex
1461 1735 1654 1770 bardorum
1679 1748 1739 1783 ge-

336 1805 443 1831 nere:
476 1795 607 1829 visitur
642 1794 673 1827 ei
705 1794 743 1827 in
776 1792 865 1826 Iona
895 1792 1015 1826 insula
1044 1794 1212 1828 sacellum
1244 1804 1354 1838 prope
1384 1792 1614 1834 Columbkill,
1643 1795 1738 1839 quod

337 1859 442 1900 putat
468 1853 647 1887 Henricus
675 1851 856 1885 Sinclarus
884 1851 968 1884 aede
994 1852 1123 1897 majori
1150 1852 1334 1896 antiquius
1360 1863 1447 1892 esse,
1473 1852 1560 1896 quia
1583 1852 1660 1897 ipse
1686 1863 1738 1887 se-

337 1924 407 1947 nex
424 1916 516 1946 esset
533 1911 618 1944 dum
638 1909 674 1943 S.
695 1909 869 1943 Columba
886 1909 1135 1954 ingrederetur
1153 1909 1320 1944 scotiam.
1373 1910 1525 1955 Scripsit

487 1970 698 2004 Sanctorum
719 1966 967 2013 Geneangias,
987 1978 1105 2008 versu,
1333 1969 1394 2002 lib.
1415 1977 1440 2002 1.

385 2029 579 2073 Depositus
598 2031 651 2060 est
669 2037 761 2060 anno
781 2034 912 2059 DXCII.
957 2024 1097 2059 Colitur
1118 2035 1171 2060 1V.
1190 2025 1309 2070 April.
1354 2026 1523 2060 Meminit
1537 2026 1650 2061 sancti
1668 2026 1738 2060 viri

337 2087 372 2121 S.
390 2086 626 2120 Adamannus
645 2084 771 2118 Scotus
791 2083 828 2117 in
853 2082 941 2117 Vita
964 2082 999 2117 S.
1019 2082 1213 2119 Columbae
1236 2084 1297 2119 lib.
1324 2093 1385 2118 111.
1410 2095 1486 2129 cap.
1513 2092 1565 2118 IV.
1614 2083 1738 2120 Vitam

337 2146 414 2190 ejus
432 2144 573 2189 scripsit
593 2142 626 2176 S.
644 2141 879 2177 Everhardus
898 2141 1006 2176 abbas
1024 2142 1062 2176 in
1082 2141 1215 2177 Holmo
1234 2142 1409 2177 Cultram.

588 2257 994 2293 CHRYSOSTOMUS
1020 2258 1342 2293 CAMBELLUS.
1396 2261 1480 2294 324.

339 2377 666 2412 CHRYSOSTOMUS
701 2376 857 2417 Cambel,
893 2388 956 2410 seu
991 2375 1274 2420 Campusbellus,
1310 2374 1548 2414 Glascuensis,
1582 2374 1736 2420 integer-

339 2435 448 2469 rimae
492 2434 597 2474 vitae,
649 2446 688 2468 ac
731 2435 946 2469 sanctissimi
990 2433 1036 2468 D.
1081 2433 1261 2468 Francisci
1306 2433 1441 2467 ordinis
1484 2432 1552 2467 sub
1593 2432 1735 2466 nomine
