2032 2912
326 311 388 343 106
702 305 935 340 HISTORIA
959 301 1333 336 ECCLESIASTICA

474 404 587 438 Notas
604 403 642 437 in
661 406 855 446 utrumque
874 398 1147 434 Testamentum
1314 395 1376 430 lib.
1397 404 1422 429 1.

378 461 518 497 Floruit
534 471 628 495 anno
647 467 784 494 MDxx.
804 457 959 493 Boethio
982 459 1199 491 memoratus
1223 454 1262 489 in
1285 453 1362 489 vita
1379 452 1549 488 Gulielmi
1568 452 1720 498 Elphin-

328 520 431 554 stoni.

664 613 948 650 ARTHURUS
973 611 1248 648 BOETHIUS.
1303 613 1386 651 193.

328 693 555 727 ARTHURUS
573 691 759 731 Boethius,
779 689 945 724 Hectoris
967 687 1090 728 frater,
1113 687 1172 721 vir
1193 698 1295 721 rarae
1320 686 1543 726 eruditionis,
1569 685 1721 720 cultissi-

326 761 405 785 mae
427 749 658 794 eloquentiae,
683 752 719 782 et
742 759 763 782 a
784 747 925 793 vulgari
948 744 1183 785 abhorrentis,
1205 744 1327 790 gravis
1351 744 1516 779 dictionis
1541 748 1576 778 et
1601 744 1721 777 candi-

330 808 405 848 dae,
419 807 514 854 juris
531 805 704 851 pontificii
721 806 854 844 doctor,
873 803 1015 848 scripsit

423 864 605 908 Excerpta
621 874 665 897 ex
682 862 706 896 J
708 873 770 897 ure
788 860 987 900 Pontificio,
1005 870 1096 904 quae
1113 862 1198 893 sunt
1216 858 1328 893 veluti
1347 858 1534 899 Paratitla,
1553 858 1613 892 lib.
1636 867 1661 891 1.

376 921 534 957 Docebat
550 919 776 955 Aberdoniae
793 929 888 953 anno
906 925 1043 952 MDXX.

614 1016 942 1054 ALEXANDER
968 1013 1287 1050 BARCLAYUS.
1343 1016 1427 1054 194.

324 1096 595 1130 ALEXANDER
612 1093 809 1139 Barclayus
823 1092 961 1132 Scotus,
974 1095 1016 1125 ut
1029 1090 1153 1125 retulit
1166 1090 1242 1135 ipse
1254 1088 1279 1123 J
1280 1100 1412 1123 oannes
1427 1089 1592 1125 Pitsaeus
1607 1096 1721 1126 aetate

325 1162 410 1187 XVI.
432 1152 478 1187 ab
494 1152 620 1186 habitu
642 1151 687 1185 D.
710 1150 896 1185 Benedicti
920 1149 965 1183 ad
988 1148 1255 1187 Frauciscanos,
1279 1151 1369 1192 puta
1390 1159 1412 1182 a
1434 1147 1603 1182 facilioris
1626 1150 1721 1183 vitae

323 1211 486 1245 libertate
511 1210 556 1244 ad
581 1209 768 1244 severioris
785 1208 930 1254 regulae
948 1205 1223 1246 observantiam,
1248 1205 1440 1246 transivit;
1469 1211 1574 1250 poeta
1591 1211 1627 1240 et
1645 1218 1720 1241 ora-

325 1273 382 1303 tor
406 1268 445 1302 in
470 1267 592 1312 paucis
618 1266 774 1306 celebris,
798 1265 961 1299 Thomae
982 1263 1147 1304 comitii,
1167 1262 1388 1297 Tavenensis
1406 1263 1590 1304 antistitis,
1609 1267 1720 1308 capel-

326 1328 439 1366 lanus,
465 1329 543 1360 tum
570 1323 823 1358 Bathoniensis
850 1322 1073 1367 episcopatus
1099 1320 1327 1367 suffraganei.
1380 1319 1540 1366 Scripsit,
1571 1333 1633 1355 seu
1665 1334 1721 1355 ve-

326 1383 399 1417 rius
417 1394 461 1418 ex
478 1382 610 1416 Latino
627 1380 799 1427 Anglicos
816 1379 910 1420 fecit,

472 1439 655 1474 Mancium
674 1437 717 1472 de
734 1437 941 1472 Virtutibus
1267 1435 1328 1471 lib.
1349 1444 1375 1471 1.

471 1497 595 1532 Vitam
613 1495 649 1530 S.
669 1495 895 1542 Margaretae
1269 1494 1331 1529 lib.
1351 1503 1376 1529 1.

472 1553 596 1588 Vitam
615 1553 651 1588 S.
669 1552 883 1587 Catharinae
1236 1587 1242 1591 ,
1271 1552 1332 1587 lib.
1353 1561 1378 1586 1.

471 1612 594 1647 Vitam
613 1610 649 1645 S.
669 1610 884 1645 Ethelredae
1268 1609 1329 1645 lib.
1350 1619 1376 1644 1.

470 1669 595 1704 Vitam
613 1668 649 1702 S.
670 1668 826 1713 Georgii,
845 1678 889 1701 ex
905 1667 1118 1709 Mantuano,
1268 1667 1329 1702 lib.
1350 1676 1375 1702 1.

470 1727 638 1771 Quinque
655 1724 810 1771 Eclogas
826 1725 985 1771 ejusdem
1265 1724 1326 1759 lib.
1347 1734 1373 1759 1.

471 1784 665 1819 Castellum
683 1782 834 1817 Laboris
1267 1782 1329 1817 lib.
1349 1791 1375 1816 1.

470 1841 664 1877 Bucolicon
682 1839 791 1875 Codri
1265 1840 1327 1874 lib.
1347 1849 1373 1875 1.

470 1898 643 1945 Eclogam
660 1903 827 1944 quartam
1266 1897 1327 1932 lib.
1348 1907 1373 1932 1.

471 1956 611 1991 Navem
629 1956 844 1990 stultiferam
1268 1955 1329 1990 lib.
1349 1965 1374 1990 1.

470 2014 605 2048 Contra
621 2013 824 2048 Sceltonum
954 2017 959 2021 “
1266 2012 1328 2047 lib.
1349 2022 1374 2047 1.

470 2072 526 2106 De
543 2072 700 2106 Miseriis
718 2070 929 2106 Aulicorum
1266 2071 1327 2106 lib.
1348 2081 1373 2106 1.

471 2129 681 2163 Sallustium
698 2130 741 2163 de
759 2129 861 2163 Bello
879 2129 903 2162 J
904 2129 1102 2175 ugurthino
1263 2129 1324 2164 lib.
1347 2139 1373 2164 1.

472 2186 527 2221 De
545 2186 844 2221 Pronunciatione
862 2186 997 2221 Gallica
1267 2187 1327 2222 lib.
1348 2197 1373 2222 1.

376 2244 476 2279 Obiit
493 2244 700 2289 Croydonae
717 2244 756 2278 in
773 2243 909 2291 Anglia
925 2255 1019 2279 anno
1039 2253 1177 2279 MDL11.
1196 2256 1317 2280 mense
1333 2245 1358 2280 J
1360 2246 1456 2281 unio.

697 2341 912 2377 THOMAS
938 2352 994 2377 DE
1021 2343 1211 2378 BARRY.
1266 2346 1349 2383 195.

328 2415 505 2450 THOMAs
529 2414 571 2449 de
594 2415 722 2461 Barry,
746 2417 934 2451 canonicus
958 2417 1194 2459 Glascuensis‚
1219 2423 1254 2454 et
1276 2420 1415 2466 primus
1438 2421 1660 2466 praepositus
1679 2422 1722 2454 de

330 2473 505 2513 BothweL
524 2473 581 2506 vir
598 2473 769 2520 elegantis
786 2474 932 2520 ingenii,
950 2479 986 2510 et
1003 2475 1168 2516 disertus,
1187 2477 1329 2522 scripsit
