2032 2912
344 315 409 345 322
726 312 959 345 HISTORIA
983 312 1359 345 ECCLESIASTICA

548 414 675 448 sterus‚
704 408 846 442 Aeneas
872 407 1018 452 Sylvius
1043 413 1163 453 negat,
1186 407 1365 441 mirantur
1391 407 1473 440 alii:
1501 407 1611 452 vulgo
1629 405 1743 440 clalcis

548 466 728 500 dicuntur.

398 525 566 559 Florebat
582 535 677 558 anno
697 532 838 557 Μυκη.

713 638 748 672 S.
777 637 963 672 GILDAS
989 636 1242 677 QUARTUS.
1296 636 1379 671 601.

346 755 381 789 S.
402 755 560 790 GILDAS
578 755 749 795 Quartus,
768 755 814 788 ad
830 754 1021 788 discrimen
1038 753 1084 787 ab
1101 754 1191 793 aliis,
1219 758 1261 787 ut
1279 759 1378 798 puto,
1406 754 1625 794 nominatus,
1645 765 1744 800 egre-

345 814 442 859 giam
460 813 597 858 patriae
615 823 758 857 operam
785 812 945 851 navavit,
971 821 1083 855 eoque
1108 811 1252 845 nomine
1279 811 1324 845 ab
1349 811 1482 857 Anglis
1509 812 1746 858 ignominiose

344 873 529 905 laceratur.
581 870 783 915 Polydorus
809 869 986 915 Virgilius
1010 868 1140 902 alicubi
1164 869 1395 913 impostorem
1423 874 1538 909 vocat,
1565 874 1602 903 et
1627 870 1745 914 plaus-

343 934 401 963 tra
418 929 657 963 convitiorum
676 928 771 973 apud
789 927 948 962 scurrilis
966 926 1102 972 ingenii
1116 932 1152 960 et
1165 937 1326 960 summae
1340 926 1507 972 ignaviae
1520 926 1719 961 Lelandum
1738 938 1746 961 z

345 991 366 1006 “
384 986 680 1031 splendidissimis
698 984 902 1024 mendaciis,
920 984 1074 1018 anilibus
1092 983 1234 1023 fabulis,
1253 984 1459 1030 prodigiosa
1477 984 1640 1019 barbarie
1657 985 1743 1019 hist.

345 1055 426 1078 eum
445 1043 638 1084 foedasse‚”
651 1043 852 1088 impudenti
871 1053 931 1076 ore
948 1041 1070 1087 objicit
1084 1052 1094 1083 ;
1114 1048 1150 1076 et
1163 1042 1245 1076 talis
1259 1053 1399 1086 semper
1413 1042 1526 1081 vobis,
1540 1042 1664 1088 Angli,
1680 1048 1744 1082 est,

344 1101 506 1146 quisquis
524 1101 661 1146 patriae
685 1112 770 1135 suae
793 1101 899 1135 decus
924 1104 959 1134 et
983 1106 1232 1134 ornamentum
1259 1100 1411 1145 quaerit,
1438 1104 1474 1134 et
1500 1106 1745 1135 monstruosas

343 1164 480 1193 vestras
498 1159 651 1204 ineptias
670 1159 804 1205 ingenii
822 1158 967 1192 solertia
991 1157 1151 1198 refutat3
1178 1163 1215 1192 et
1241 1157 1443 1192 Carodocus
1470 1157 1624 1192 Camber
1650 1159 1745 1193 edito

344 1229 449 1262 opere
466 1228 548 1251 eum
567 1218 725 1252 vindicat
742 1216 809 1251 sub
827 1227 960 1250 annum
982 1223 1080 1249 MCL.
1134 1215 1310 1256 Pitsaeus,
1329 1220 1365 1249 et
1382 1216 1456 1249 alii.
1509 1214 1659 1261 Scripsit
1687 1216 1745 1250 hic

344 1280 488 1309 nostras
508 1274 632 1309 Gildas

491 1332 693 1368 Historiam
712 1333 924 1367 Britanniae
1290 1332 1351 1366 lib.
1372 1342 1398 1366 Ι.
1451 1331 1620 1377 Polydor-

489 1391 719 1425 Breviarium
739 1391 865 1425 Gildae
1287 1390 1348 1424 lib.
1369 1399 1394 1424 1.

492 1448 548 1482 De
566 1448 795 1483 Mirabilibus
814 1448 1025 1482 Britanniae
1288 1448 1350 1482 lib.
1371 1457 1396 1482 Ι.

491 1506 547 1540 De
564 1507 690 1551 primis
711 1506 987 1540 Habitatoribus
1006 1505 1219 1541 Britanniae
1285 1506 1346 1540 lib.
1368 1515 1393 1539 1.

493 1563 549 1597 De
566 1563 666 1610 Rege
684 1564 849 1598 Arthuro
1288 1564 1350 1598 lib.
1371 1573 1396 1597 1.

490 1621 546 1655 De
564 1622 759 1666 Sepulchro
778 1622 855 1667 ejus
873 1621 1059 1669 incognito
1284 1621 1346 1656 lib.
1366 1631 1392 1655 1.
1412 1628 1448 1655 et
1465 1622 1545 1656 alia.

391 1679 536 1714 Vixisse
553 1684 703 1724 putatur
720 1691 814 1714 anno
832 1680 937 1714 salut.
956 1680 1134 1713 humanae
1151 1687 1379 1714 DCCCXXIX.
1404 1679 1487 1713 licet
1503 1679 1565 1713 alii
1583 1680 1622 1713 in
1645 1681 1743 1715 aliud

343 1739 500 1773 seculum
519 1738 684 1783 rejiciant
697 1748 706 1778 ;
734 1738 795 1771 sed
810 1748 938 1782 parum
952 1738 1102 1772 interest
1119 1748 1191 1781 qua
1204 1741 1320 1771 aetate
1334 1737 1476 1777 vixerit,
1490 1737 1596 1772 modo
1610 1738 1742 1773 bonum

344 1800 482 1830 constet
512 1794 622 1829 fuisse
658 1795 783 1836 civem,
816 1799 851 1829 et
884 1795 1022 1840 patriae
1057 1806 1141 1829 suae
1175 1800 1367 1829 amantem.
1420 1794 1631 1830 Sanctorum
1664 1797 1743 1831 albo

343 1853 531 1898 ascriptus,
551 1853 680 1887 colitur
697 1853 754 1887 die
773 1862 894 1887 xxlx.
912 1853 1089 1887 Januarii.
1143 1853 1265 1888 Uvion
1282 1854 1320 1886 in
1337 1852 1513 1899 Adjunct.

825 1968 1120 2004 GOSFRIDUS.
1175 1967 1258 2004 602.

343 2091 365 2106 “
383 2085 626 2128 Gosrmnns,
645 2087 702 2122 vir
719 2086 870 2121 eximiae
887 2087 1082 2133 religionis,
1096 2097 1180 2133 rege
1198 2086 1386 2121 Scotorum
1404 2085 1524 2121 David
1538 2091 1691 2132 petente,
1705 2092 1740 2122 et

343 2144 606 2189 archiepiscopo
624 2144 802 2179 Gulielmo
820 2148 1012 2185 annuente,
1034 2144 1142 2180 abbas
1166 2145 1314 2190 eligitur
1339 2146 1383 2179 ad
1410 2146 1526 2179 locum
1549 2145 1587 2179 in
1610 2144 1740 2185 Scoffia,

343 2202 405 2246 qui
430 2201 680 2237 Dunfermelin
709 2201 874 2242 dicitur,'’
899 2202 951 2237 ait
976 2213 1176 2248 anonymus
1202 2202 1466 2249 WVigorniensis
1493 2204 1530 2237 in
1557 2203 1741 2238 continua-

344 2259 442 2293 tione
459 2260 502 2294 ad
522 2259 745 2295 Florentium
763 2271 846 2306 pag.
866 2268 1044 2295 DCLXIII.
1097 2260 1249 2306 Scripsit

493 2317 693 2352 Historiam
710 2318 955 2363 Apostolicam
1222 2319 1282 2354 lib.
1304 2329 1329 2354 1.
1350 2331 1452 2365 quae,
1471 2324 1512 2354 ut
1529 2324 1627 2364 puto,
1650 2320 1739 2353 inte-

542 2375 615 2409 riit.
676 2375 847 2410 Meminit
872 2376 1056 2411 Indiculus
1082 2376 1305 2422 Scriptorum
1330 2377 1517 2412 Scotorum
1544 2378 1737 2422 anonymi:

543 2431 636 2467 forte
667 2433 760 2468 idem
795 2434 864 2469 erit
897 2445 998 2479 opuS‚
1034 2435 1130 2480 quod
1164 2434 1315 2476 Abdiae,
1351 2435 1571 2481 Babyloniae
1607 2435 1738 2479 episco-
