2032 2912
727 362 902 395 GENTIS
926 361 1201 401 SCOTORUM,
1227 361 1315 394 LlB.
1341 361 1385 394 11.
1709 360 1750 389 85

812 512 846 546 S.
874 511 1164 547 BOTHANUS.
1217 515 1298 547 145.

362 630 395 664 S.
426 630 654 664 BOTHANus
680 628 774 661 claro
798 625 998 660 sanctitatis
1021 626 1164 660 nomine
1187 627 1281 670 apud
1305 625 1427 661 Scotos
1451 631 1590 661 nostros
1614 625 1746 666 floruit,

359 687 460 732 cujus
490 685 623 719 honore
654 683 780 718 celebri
810 682 1019 716 monialium
1045 683 1300 717 monasterium
1327 682 1539 727 Euphemia‚
1566 683 1747 717 Marchiae

359 753 484 782 comes,
503 741 541 775 in
558 740 786 775 Lamirmure
803 740 928 780 erexit,
947 743 989 773 ut
1007 739 1045 773 in
1063 738 1322 774 Coenobiorum
1340 738 1559 774 Scoticorum
1577 739 1748 786 Catalogo

359 799 556 833 discussum
575 802 638 832 est.

407 855 487 895 Quo
501 860 658 901 tempore
672 854 814 896 vixerit,
827 865 899 888 non
911 854 1012 899 potui
1024 853 1293 899 deprehendere.
1316 853 1455 888 Colitur
1466 862 1587 888 XVIII.
1598 852 1622 888 J
1624 864 1746 888 anuar.

751 969 793 1004 F.
819 968 1052 1004 JOANNES
1077 968 1228 1003 BLAK.
1282 967 1364 1003 146.

360 1086 428 1120 Fn.
447 1085 508 1120 Jo.
527 1085 659 1126 BLAK,
680 1084 906 1120 Dominicani
929 1085 1087 1119 instituti
1111 1085 1238 1124 socius,
1262 1088 1304 1118 ut
1324 1084 1501 1125 existimo,
1523 1084 1747 1120 Aberdoniae

359 1143 572 1177 monachum
603 1142 732 1184 induit,
763 1143 964 1188 praeclarus
995 1142 1130 1176 Christi
1161 1142 1274 1183 miles,
1306 1153 1346 1176 ac
1375 1142 1531 1176 invictus
1565 1142 1748 1188 religionis

359 1200 561 1234 Catholicae
577 1200 828 1245 pancratiasta,
848 1200 1018 1244 irrepenti
1036 1200 1074 1233 in
1092 1198 1246 1233 Scotiam
1264 1199 1401 1233 haeresi
1424 1199 1576 1233 viriliter
1598 1199 1748 1239 obstitit,

359 1257 584 1291 concionibus
612 1256 863 1290 facundissime
894 1257 1042 1290 eruditis
1071 1256 1244 1300 populum
1273 1256 1336 1290 diu
1365 1256 1403 1290 in
1430 1256 1498 1289 fide
1524 1256 1684 1297 retinuit,
1711 1268 1751 1291 ac

359 1313 501 1347 tandem
518 1313 763 1359 satagentibus
781 1312 958 1347 Sathanae
975 1313 1160 1353 ministris,
1180 1323 1287 1357 quam
1305 1313 1429 1346 vivens
1446 1312 1589 1356 pietatis
1602 1313 1750 1359 integri-

359 1375 468 1405 tatem
485 1370 665 1415 professus
686 1375 772 1411 erat,
798 1370 952 1404 moriens
976 1369 1192 1415 Edimburgi
1216 1370 1389 1415 sanguine
1412 1369 1492 1403 fuso
1516 1369 1749 1404 confirmavit.

362 1433 384 1448 ‘⁶
401 1427 630 1462 Orthodoxae
656 1427 818 1462 veritatis
835 1430 1081 1473 propugnator
1102 1426 1380 1467 strenuissimuS,
1403 1427 1532 1461 intima
1555 1427 1752 1462 eruditione

359 1485 572 1530 praeditus,”
589 1485 709 1530 inquit
726 1484 906 1519 Leslaeus.
959 1484 1108 1528 Scripsit

509 1542 637 1576 Libros
655 1543 699 1576 de
715 1542 801 1576 reali
820 1541 1028 1576 Praesentia
1041 1541 1208 1586 Corporis
1221 1540 1357 1577 Christi

555 1600 594 1634 in
611 1599 838 1634 sacramento
855 1598 994 1634 Altaris
1350 1600 1411 1635 lib.
1431 1609 1456 1634 1.

509 1656 602 1692 Acta
624 1657 801 1702 Colloquii
822 1657 878 1691 sui
901 1667 981 1691 cum
1005 1655 1177 1691 Willoxio
1200 1657 1363 1702 symmis-

557 1718 596 1748 ta
612 1725 677 1748 suo
1349 1714 1410 1748 lib.
1430 1723 1456 1748 Ι.

507 1770 702 1805 Conciones
720 1770 921 1805 doctissime
938 1771 1016 1814 pias
1097 1773 1100 1775 ’
1353 1771 1413 1805 lib.
1434 1780 1459 1805 1.

512 1826 747 1861 Monitorium
767 1828 813 1861 ad
829 1826 1024 1871 Apostatas
1349 1828 1410 1862 lib.
1430 1836 1455 1861 1.

410 1885 541 1919 Passus
558 1889 612 1918 est
629 1884 842 1929 martyrium
860 1884 917 1918 die
934 1893 1006 1918 vn.
1024 1883 1048 1917 J
1050 1885 1188 1919 anuarii
1206 1895 1299 1919 anno
1318 1893 1486 1919 MDan.
1505 1884 1561 1920 De
1578 1886 1654 1933 ejus
1672 1897 1752 1921 con-

363 1946 479 1977 stante
497 1941 714 1987 professione
731 1940 789 1976 Jo.
808 1941 976 1976 Leslaeus
993 1941 1053 1976 lib.
1074 1951 1113 1976 x.
1131 1953 1212 1989 pag.
1233 1950 1424 1976 DLxxvn.

756 2055 825 2090 JO.
852 2055 1229 2091 BARVICKANUS.
1283 2058 1365 2094 147.

363 2172 384 2205 J
389 2180 424 2206 o.
451 2171 751 2206 BARvaANus
783 2171 1052 2212 Franciseanus,
1080 2172 1124 2206 ab
1150 2172 1279 2217 oppido
1305 2171 1443 2207 Scotiae
1465 2173 1562 2207 haud
1586 2173 1752 2208 incelebri

363 2230 406 2263 ad
419 2229 563 2263 Tuedae
574 2229 676 2270 ostia,
690 2229 843 2263 termino
854 2229 966 2275 regni,
977 2240 1106 2263 nomen
1118 2230 1276 2269 sortitus,
1289 2230 1358 2264 alio
1369 2230 1477 2264 etiam
1487 2230 1629 2264 nomine
1641 2230 1753 2265 Breu-

363 2287 492 2321 lanlius
510 2286 621 2326 audit,
639 2286 695 2320 vir
713 2298 754 2320 ea
771 2290 885 2320 aetate
903 2286 1037 2325 doctus,
1056 2290 1092 2319 et
1112 2287 1234 2332 magni
1257 2287 1423 2321 nominis.
1475 2287 1648 2322 Certatim
1671 2299 1752 2323 eum

363 2343 521 2383 laudant,
542 2347 578 2377 et
595 2343 792 2377 doctrinam
811 2343 887 2388 ejus
905 2346 1121 2376 venerantur
1139 2342 1296 2377 Thomas
1321 2342 1558 2379 Ecklestonus
1581 2345 1618 2379 in
1643 2344 1754 2379 Chro-

364 2400 454 2439 nico,
473 2404 516 2433 ‘et
541 2399 648 2433 Picus
675 2399 949 2435 Mirandulanus
979 2399 1040 2434 lib.
1068 2408 1142 2434 ΧΠ.
1174 2400 1343 2435 adversus
1372 2399 1594 2449 Astrologos.
1660 2400 1751 2449 Ejus

365 2456 596 2501 perhibentur
609 2466 617 2490 :
