2032 2912
721 343 897 377 GENTIS
921 341 1198 381 SCOTORUM,
1223 342 1311 374 LIB.
1337 340 1363 374 1.
1699 342 1740 372 13

346 441 513 476 steriores
540 439 764 474 Ticinensem
790 438 828 471 iu
854 437 961 471 Italia
983 437 1150 477 scholam,
1171 437 1322 483 jubente
1345 436 1468 471 eodem
1490 435 1661 481 principe,
1685 436 1738 469 in-

347 499 554 532 stituerunt.
604 495 656 530 Et
673 499 759 529 tunc
775 494 920 538 quidem
937 494 976 526 in
991 494 1160 528 universa
1178 493 1326 539 Europa
1344 494 1434 528 duae
1451 493 1533 527 illae
1550 492 1646 527 solae
1663 491 1739 526 fue-

348 559 445 595 runt,
476 552 672 588 incredibili
706 550 823 597 gentis
858 554 1001 584 nostrae
1034 551 1350 591 commendatione,
1386 562 1408 584 a
1441 549 1555 584 Scotis
1591 554 1737 584 erectae.

347 612 483 646 Anton.
497 609 624 644 Sabell.
639 607 801 642 Ennead.
817 615 906 640 v111.
921 607 982 640 lib.
999 615 1056 640 lx.
1071 608 1109 640 in
1123 607 1258 641 limine.
1286 607 1461 641 Historici
1475 606 1581 647 Galli,
1593 610 1629 641 et
1643 605 1738 640 Scoti

346 679 456 713 paene
473 677 605 701 omneS.
648 664 926 710 Elegantissime
940 664 978 697 in
990 663 1137 698 Lutetia
1152 674 1217 697 sua
1230 663 1445 708 Rudolphus
1459 663 1633 698 Botereus
1646 662 1681 697 J.
1696 662 1737 696 C.

345 725 535 760 historicus
564 734 605 757 ac
635 726 740 767 poeta
769 721 860 755 acris
882 721 1022 767 judicii,
1047 720 1264 755 limatissimi
1296 720 1392 764 styli,
1422 721 1484 766 qui
1512 729 1584 755 non
1609 725 1663 754 est
1694 720 1737 753 ad

346 792 503 816 manum.
556 780 669 815 Poeta
685 779 787 819 alius,
806 777 1018 819 Germanus,
1038 778 1088 812 sic
1105 777 1232 811 habet:

645 849 727 886 Quid
740 859 797 878 non
811 849 947 882 Alcuino,
961 848 1086 878 facunda
1099 848 1230 882 Lutetia,
1244 848 1340 882 debes,

647 898 812 926 Instaurare
825 897 913 926 bonas
927 896 969 924 ibi
983 896 1034 934 qui
1048 895 1174 924 feliciter
1187 901 1273 929 artes,

646 944 868 982 Barbariemque
881 942 982 982 procul
996 943 1098 972 Scotus
1112 942 1258 981 depellere
1272 942 1387 982 coepit?

346 1012 397 1046 Et
414 1011 630 1046 Eustachius
648 1009 829 1044 Prutenus
846 1012 1008 1054 poemate
1025 1009 1068 1042 de
1086 1008 1307 1043 Parisiorum
1325 1007 1449 1042 Laude
1463 1018 1472 1041 ι

645 1096 721 1125 Ecce
734 1105 823 1125 senex
836 1094 954 1134 quidam
970 1094 1062 1123 Scotis
1076 1094 1203 1132 agitatus
1216 1094 1252 1122 ab
1265 1094 1330 1126 oris,

685 1142 798 1171 Attulit
813 1147 925 1180 optatos
939 1142 970 1170 in
983 1141 1045 1170 loca
1059 1141 1145 1169 Galla
1158 1140 1255 1179 pedes.

649 1189 762 1218 Nomen
776 1189 870 1217 adhuc
883 1188 1026 1222 meminit,
1040 1187 1170 1226 quamvis
1184 1187 1299 1220 cariosa,
1313 1192 1452 1221 vetustas,

683 1235 828 1264 Alcuinus
840 1235 976 1263 meritum
990 1234 1167 1273 posteritatis
1180 1234 1276 1263 habet.

646 1282 727 1316 Quas
740 1291 860 1319 posuere
873 1280 992 1314 scholas,
1007 1290 1141 1319 superare
1155 1280 1263 1318 palatia
1275 1290 1378 1319 regum

684 1327 854 1361 Structuris,
868 1327 971 1366 spatio,
985 1328 1159 1366 sumptibus,
1174 1332 1235 1356 arte
1250 1333 1345 1366 putes.

392 1409 504 1445 Errat
537 1408 784 1452 multipliciter
816 1406 1000 1441 Arnoldus
1035 1406 1157 1441 Uvion
1191 1406 1251 1440 lib.
1284 1415 1345 1440 111.
1377 1406 1485 1454 Ligu.
1518 1407 1623 1442 Vitae
1652 1419 1734 1455 pag.

344 1474 542 1502 DeccxnI.
561 1466 624 1510 qui
642 1476 722 1499 cum
740 1464 937 1498 Alcuinum
955 1464 1045 1504 falso
1062 1463 1226 1509 Anglum
1244 1463 1395 1505 fecisset,
1414 1466 1554 1512 cogitur
1566 1470 1686 1500 tamen
1700 1467 1735 1499 vi

344 1523 505 1558 veritatis
530 1522 577 1556 D.
604 1521 781 1556 Joannem
806 1520 952 1555 Scotum
976 1522 1176 1561 diaconum,
1201 1524 1237 1555 et
1261 1521 1453 1562 doctorem,
1477 1533 1517 1556 ac
1539 1522 1737 1556 academiae

342 1581 555 1616 parisiensis
568 1579 794 1614 fundatorem
809 1579 996 1623 appellare,
1012 1579 1079 1618 vel,
1094 1582 1135 1612 ut
1149 1578 1209 1612 alii
1222 1578 1365 1619 habent,
1378 1578 1575 1624 Papiensis,
1586 1590 1736 1625 eumque

342 1649 423 1674 cum
440 1637 623 1672 Clemente
639 1647 684 1671 ex
706 1636 827 1670 Scotia
850 1636 1000 1670 venisse.
1052 1635 1191 1669 Deinde
1216 1636 1363 1681 gravior
1388 1637 1520 1682 lapsus,
1546 1637 1632 1671 dum
1658 1648 1737 1672 con-

343 1695 464 1730 fundit
480 1694 575 1728 hunc
592 1693 615 1727 J
617 1704 767 1728 oannem
787 1704 867 1727 cum
886 1692 1047 1739 Erigena
1064 1693 1191 1728 abbate
1207 1692 1446 1735 Vercellensi3
1473 1705 1562 1739 quos
1577 1694 1735 1728 diversos

343 1764 429 1792 esse,
446 1752 558 1786 disces
576 1762 619 1785 ex
636 1751 681 1785 iis
699 1762 790 1796 quae
807 1750 944 1795 scripsi.

392 1809 469 1843 Nec
485 1809 602 1843 minor
618 1810 739 1852 lapsus
758 1807 885 1842 Heliae
903 1807 1077 1848 Putschii,
1097 1807 1159 1851 qui
1183 1807 1327 1852 putavit
1350 1807 1523 1842 Albinum
1548 1808 1695 1842 citatum
1713 1820 1735 1842 a

343 1866 528 1901 Prisciano
544 1866 605 1900 lib.
622 1874 694 1899 vu.
709 1876 753 1899 ex
766 1865 827 1899 lib.
843 1874 869 1899 1.
888 1864 1024 1898 Rerum
1042 1863 1234 1898 Romanar.
1251 1875 1325 1898 esse
1338 1863 1533 1898 Alcuinum
1546 1869 1708 1899 nostrum
1722 1876 1731 1905 ;

344 1924 445 1969 cujus
467 1934 592 1957 versus
613 1922 726 1957 lenior
747 1926 801 1956 est
817 1932 925 1966 quam
942 1925 984 1955 ut
1001 1932 1022 1954 a
1038 1925 1161 1955 nostro
1179 1921 1237 1961 sit,
1263 1927 1305 1955 ut
1326 1921 1491 1956 omittam
1510 1921 1733 1956 Priscianum

344 1981 498 2016 Alcuino
515 1980 639 2015 multis
656 1980 783 2014 seculis
800 1979 967 2024 priorem.
1018 1977 1153 2012 Versus
1171 1982 1256 2012 sunt
1272 1978 1355 2012 isti:

645 2051 700 2080 Ille
714 2051 760 2080 cui
775 2050 865 2080 ternis
880 2050 1022 2089 Capitolia
1035 2049 1109 2078 celsa
1123 2050 1288 2088 triumphis.

643 2099 752 2137 Sponte
767 2098 864 2127 Deum
878 2103 1007 2137 patuere,
1021 2097 1068 2126 cui
1083 2097 1157 2126 freta
1170 2097 1252 2125 nulla
1264 2102 1399 2135 repostos.

642 2145 826 2174 Abscondere
840 2145 929 2178 sinus,
944 2155 1001 2173 non
1015 2150 1096 2173 tutae
1110 2144 1259 2173 moenibus
1273 2144 1366 2173 urbes.

394 2211 445 2245 Ut
461 2221 533 2245 non
549 2211 668 2255 potuit
684 2211 823 2245 laudari
841 2222 862 2244 a
879 2210 1074 2251 Prisciano,
1092 2211 1144 2244 ita
1160 2221 1181 2244 a
1199 2210 1360 2244 Maximo
1377 2209 1563 2245 Victorino
1581 2210 1729 2245 citatum

339 2270 421 2314 jure
431 2268 613 2309 existim03
628 2268 687 2302 ille
700 2268 794 2302 enim
809 2268 847 2301 in
860 2268 920 2302 lib.
936 2268 979 2301 de
993 2268 1160 2302 Carmine
1174 2267 1328 2302 Heroico
1339 2267 1390 2302 ita
1400 2267 1528 2302 habet:
1543 2271 1565 2287 “
1575 2266 1729 2302 Albinus

344 2327 380 2359 in
399 2326 489 2360 libro
506 2336 612 2370 quem
629 2326 673 2359 de
690 2326 813 2359 metris
830 2325 983 2370 scripsit,
1002 2325 1052 2359 sic
1067 2334 1076 2358 z

644 2380 740 2409 Vilem
754 2381 896 2419 spondaeo
910 2386 1003 2409 totum
1017 2380 1186 2410 concludere
1199 2379 1340 2409 versum.”

391 2437 442 2472 Et
459 2437 582 2484 Scotos
599 2438 742 2484 quidem
766 2449 838 2473 non
861 2437 1000 2485 Anglos
1024 2438 1135 2474 fuisse
1161 2438 1338 2473 affirmant
1355 2442 1569 2485 constanter,
1589 2419 1734 2482 praeter:
