2032 2912
376 303 440 334 252
757 300 990 333 HISTORIA
1013 300 1386 334 ECCLESIASTICA

379 409 462 441 pum
490 398 574 432 facit
601 395 732 436 Uvion,
759 397 821 430 sed
844 397 960 430 locum
983 407 1056 430 non
1081 397 1260 442 exprimit.
1313 397 1576 432 Cameracensis
1603 399 1769 436 historio-

376 455 556 500 graphus:
584 458 605 473 ‘⁶
627 453 670 487 In
696 452 793 487 Villa
819 453 955 488 Fescau
981 453 1017 488 S.
1038 454 1126 490 Etto
1144 454 1270 490 Scotus
1288 456 1345 500 pie
1363 459 1592 490 conversatus
1605 457 1636 497 ;’'
1667 463 1766 493 notat

380 512 637 546 Constantinus
656 510 822 546 Ghinius.

832 610 868 646 S.
894 610 1169 646 EUCHINUS.
1223 611 1305 647 461.

374 685 436 718 DE
456 685 491 719 S.
511 684 678 720 Euchino
695 686 856 720 antistite
876 685 980 721 Hect.
1001 686 1174 720 Boethius
1192 687 1252 721 lib.
1272 697 1361 722 vnI.
1382 688 1479 723 Hist.
1500 687 1594 723 Scot.
1619 690 1658 724 in
1676 690 1769 725 fine:

375 747 395 762 ‘⁶
414 742 513 777 Inter
530 748 706 778 nostrates
724 744 953 785 Colmannus,
972 744 1128 784 Priscus,
1147 744 1334 786 Medanus,
1354 746 1543 787 Modanus,
1571 752 1607 782 et
1633 747 1767 783 Euchi-

373 812 452 841 nuS,
471 801 635 846 episcopi,
661 801 797 836 Christi
821 802 998 848 dogmatis
1022 813 1086 846 per
1112 802 1298 837 Scotorum
1325 809 1360 838 et
1388 804 1571 839 Pictorum
1593 817 1698 852 agros
1716 807 1766 851 pii

373 859 667 894 concionatores.”
719 859 812 907 Ejus
830 865 915 895 sunt
930 870 938 894 :

520 917 714 952 Conciones
731 918 811 963 piae
1263 918 1324 953 lib.
1345 928 1370 952 1.

519 974 664 1009 Statuta
680 975 930 1010 Ecclesiastica
1264 976 1325 1011 lib.
1346 986 1372 1010 1.

420 1032 451 1066 F
453 1033 562 1067 loruit
579 1044 672 1067 anno
691 1040 870 1067 DXXXIV.
923 1033 967 1067 In
991 1032 1053 1067 SS.
1078 1033 1197 1068 album
1221 1035 1374 1069 relatum
1400 1035 1523 1071 scribit
1549 1035 1654 1071 Joan.
1682 1037 1767 1072 Les-

371 1092 467 1125 laeus
484 1091 547 1125 lib.
568 1099 621 1125 1v.
640 1102 721 1137 pag.
742 1100 899 1125 CXLVII.
953 1091 1093 1126 Colitur
1111 1100 1263 1126 xxvm.
1282 1091 1455 1139 Augusti.

825 1207 860 1241 S.
888 1206 1178 1242 EUSTASIUS.
1233 1206 1315 1242 4652.

370 1323 404 1356 S.
424 1322 661 1363 EUSTASIUS‚
679 1334 743 1357 seu
760 1322 979 1357 Eustachius
1003 1327 1045 1357 ut
1062 1322 1187 1363 fertur,
1211 1323 1247 1357 S.
1267 1323 1528 1359 Columbanum
1551 1327 1765 1373 magistrum

370 1391 474 1414 suum
492 1380 531 1414 in
548 1380 683 1415 Gallias
705 1385 859 1415 secutus.
912 1380 1059 1415 Scotum
1076 1381 1204 1426 probat
1221 1381 1308 1416 Vita
1329 1382 1425 1416 illius
1443 1384 1556 1418 sancti
1574 1386 1763 1431 magistri;

371 1449 465 1479 nam,
487 1438 560 1485 [uti
580 1438 710 1484 tradit]
735 1438 846 1473 Jonas
870 1439 908 1472 in
932 1450 983 1479 ea,
1008 1450 1083 1483 cap.
1104 1448 1196 1472 XIII.
1221 1443 1257 1474 et
1279 1451 1355 1484 cap.
1382 1449 1505 1474 XXIII.
1524 1443 1680 1489 relegato
1699 1443 1764 1478 Co-

368 1497 547 1538 lumbano,
567 1496 662 1532 Scoti
682 1497 748 1532 soli
766 1508 848 1531 eum
866 1498 966 1542 sequi
990 1497 1177 1542 permissi3
1202 1502 1281 1532 tum
1304 1498 1372 1539 hic,
1391 1510 1471 1533 cum
1493 1500 1673 1535 debuisset
1694 1502 1764 1536 dis·

371 1554 503 1595 cedere,
521 1555 566 1589 ab
584 1556 772 1596 avunculo,
800 1556 863 1601 qui
889 1555 1060 1602 Lugduni
1083 1555 1224 1590 Clanati
1247 1556 1443 1601 episcopus,
1468 1562 1651 1593 retentus:
1679 1571 1764 1606 ergo

369 1611 493 1647 Gallus
517 1624 589 1647 non
612 1613 694 1654 fuit,
716 1625 800 1648 nam
830 1614 917 1648 alias
948 1614 1035 1659 quid
1063 1612 1192 1647 fuisset
1222 1625 1311 1658 opus
1337 1616 1549 1650 auctoritate
1576 1618 1761 1662 episcopi?

368 1668 459 1703 Vide
477 1669 600 1705 Vitam
619 1670 655 1705 S.
674 1671 846 1706 Walerici
864 1676 950 1706 tom.
971 1681 1014 1706 11.
1033 1671 1131 1706 Surii
1151 1680 1175 1704 1.
1194 1670 1313 1716 April.
1365 1672 1516 1717 Scripsit

516 1728 728 1764 Columbani
747 1729 822 1764 Iter
839 1731 925 1765 dum
943 1730 982 1764 in
999 1729 1146 1764 exilium
1164 1729 1445 1774 proficisceretur
1526 1731 1587 1765 lib.
1609 1740 1633 1765 Ι.
1686 1732 1762 1768 An-

565 1794 638 1824 ton.
659 1789 843 1824 Possevin.

418 1847 543 1886 Qualis
561 1846 619 1881 ille
637 1846 757 1887 fuerit,
777 1856 812 1882 et
835 1851 991 1892 quantus
1009 1847 1076 1887 vir,
1103 1858 1147 1880 ex
1172 1847 1375 1882 auctoribus
1401 1848 1588 1882 laudandis
1614 1849 1760 1894 patebit.

369 1902 480 1938 Jonas
506 1905 543 1938 in
567 1905 717 1949 praefat.
747 1906 792 1939 ad
815 1905 939 1940 Vitam
965 1905 1189 1945 Columbani,
1214 1905 1264 1939 sic
1290 1906 1409 1939 enim:
1438 1910 1459 1925 ‘⁶
1482 1905 1582 1945 Quae
1608 1918 1671 1941 nos
1699 1910 1779 1952 per'

369 1962 587 1996 venerabiles
613 1963 709 1997 viros
735 1962 898 1998 Attalam
924 1968 959 1998 et
982 1962 1194 1998 Eustasium
1218 1963 1416 2004 didicimus,
1444 1976 1594 2009 quorum
1622 1966 1759 2010 primus

368 2019 565 2061 Bobiensis,
585 2021 759 2055 secundus
777 2021 1016 2056 Luxoviensis
1035 2021 1205 2062 coenobii,
1224 2033 1295 2067 quo
1313 2033 1376 2056 vos
1394 2024 1574 2067 praesules
1593 2024 1759 2064 existitis,

369 2089 584 2112 successores
601 2079 780 2114 fuerunt.”
831 2079 1013 2124 Anonym.
1033 2080 1070 2113 in
1088 2080 1175 2114 Vita
1199 2080 1350 2114 Faronis
1370 2081 1524 2125 episcopi
1544 2081 1760 2116 Meldensis:

369 2140 389 2154 ‘⁵
408 2135 612 2171 Walbertus
630 2149 652 2171 a
670 2136 705 2171 S.
726 2137 957 2178 Columbano,
983 2149 1064 2172 cum
1081 2137 1193 2172 fratre
1217 2138 1446 2179 Chalnoaldo,
1472 2144 1507 2173 et
1530 2139 1633 2174 beato
1651 2139 1761 2186 Agilo

370 2193 440 2226 filio
459 2193 649 2240 Agnoaldi,
668 2196 730 2240 qui
748 2195 817 2229 fuit
840 2194 1012 2241 Aguerici
1036 2195 1157 2237 frater,
1182 2197 1336 2231 traditus
1362 2201 1415 2231 est
1434 2196 1642 2237 Eustachio,
1662 2209 1760 2244 mag-

371 2263 435 2286 nae
453 2252 632 2286 doctrinae
650 2258 684 2287 et
702 2253 902 2287 sanctitatis
922 2254 1011 2294 viro,
1029 2255 1212 2300 ipsiusque
1226 2254 1439 2289 Columbani
1458 2255 1642 2299 discipulo,
1659 2256 1761 2290 insti·
1789 2300 1792 2303 ἢ

371 2310 554 2343 tuendus-’²
573 2309 760 2344 Walafrid.
780 2311 897 2345 Strab.
916 2311 955 2344 in
972 2311 1058 2346 Vita
1078 2312 1170 2346 Galli
1188 2312 1341 2347 Abbatis
1355 2324 1430 2357 cap.
1447 2321 1581 2347 XXVII.
1602 2317 1623 2332 “
1636 2313 1758 2348 Abbas

370 2367 573 2400 monasterii
592 2369 686 2411 quod
704 2368 909 2403 Luxovium
932 2369 1071 2410 dicitur,
1096 2371 1238 2404 nomine
1261 2367 1490 2409 Eustachius,
1516 2381 1621 2415 quem
1646 2371 1756 2405 bonae

371 2424 558 2458 memoriae
571 2424 810 2461 Columbanus
823 2427 935 2461 eidem
946 2427 1021 2461 loco
1032 2427 1210 2471 praefecit,
1218 2427 1261 2461 ab
1274 2428 1381 2474 hujtls
1394 2427 1500 2462 exilio
1508 2428 1602 2462 vitae
1614 2428 1656 2461 ad
1669 2439 1757 2461 sem-
