2032 2912
312 313 374 344 166
695 306 926 340 HISTORIA
951 305 1328 338 ECCLESIASTICA

311 410 355 442 do
374 418 444 441 non
462 407 500 440 in
518 404 647 443 Scotia,
667 403 728 436 sed
746 413 790 435 ne
808 401 911 435 ullibi
929 401 1074 446 quidem
1092 405 1281 441 terrarum,
1300 401 1369 435 nisi
1388 400 1481 435 forte
1499 402 1546 435 sit
1566 401 1712 447 Longo·

310 466 440 503 vicum‚
460 463 562 508 cujus
581 460 745 494 meminit
769 470 970 504 anonymus
994 463 1116 493 noster
1134 458 1260 493 Scotus
1287 460 1325 493 in
1352 458 1495 493 Notitia
1520 460 1711 503 utriusque

310 521 467 566 Imperii,
495 523 531 553 et
557 518 729 562 oppidum
757 523 810 552 est
836 517 943 551 hodie
969 517 1088 551 nobile
1113 518 1152 550 in
1178 517 1385 562 episcopatu
1411 515 1646 551 Dunelmensi
1674 517 1712 550 in

309 578 459 612 confinio
478 575 626 615 Scotiae,
646 576 755 622 vulgo
773 575 1014 621 Langcaster3
1042 575 1159 609 nescio
1177 575 1298 620 itaque
1316 586 1362 609 an
1379 574 1438 609 hic
1455 576 1553 609 locus
1572 575 1631 608 ille
1651 576 1709 615 sit,

307 641 343 669 et
370 631 655 679 Longovicensis
676 634 867 680 legendum
891 633 961 667 sit:
988 637 1083 667 certe
1106 632 1142 666 S.
1167 632 1404 667 Adamannus
1429 632 1556 667 Scotus
1580 633 1641 666 lib.
1669 642 1711 666 11.

307 694 349 726 de
376 692 464 726 Vita
489 691 612 726 Sancti
641 691 836 726 Columbae
862 702 944 725 eum
970 691 1131 725 nominat
1158 695 1331 735 tanquam
1355 691 1475 725 virum
1502 692 1709 735 episcopatu

306 751 468 796 dignum,
488 754 523 784 et
541 749 746 794 primitivae
765 749 860 793 apud
878 748 1036 782 Saxones
1059 748 1224 782 ecclesiae
1241 749 1464 793 praesulem;
1492 754 1711 793 quapropter

305 819 462 854 auguror
487 807 583 841 hunc
608 812 772 841 nostrum
800 818 914 840 unum
941 818 985 840 ex
1015 805 1276 840 successoribus
1303 805 1426 839 Sancti
1452 805 1588 839 Aidani
1615 806 1710 841 Scoti

305 866 415 900 fuisse
433 866 471 899 in
488 864 634 911 Anglici
652 866 775 909 populi
793 864 1032 904 institutione,
1054 863 1115 897 sed
1133 863 1338 908 conjectura
1355 867 1498 897 tantum
1517 868 1582 897 est.

354 923 496 957 Floruit
515 923 607 956 circa
625 933 761 956 annum
780 930 904 956 DCLX.
947 920 1033 954 Dies
1058 920 1135 966 ejus
1160 922 1278 955 cultus
1303 921 1473 961 incertus,
1493 925 1528 954 et
1546 921 1613 954 soli
1631 920 1709 955 Deo

304 987 422 1016 notus.

739 1077 775 1111 S.
803 1075 1124 1111 CONLEATUS.
1178 1078 1262 1111 283.

301 1155 337 1188 S.
357 1154 621 1193 CONLEATUS‚
639 1152 825 1197 episcopus
844 1151 971 1186 Scotus
990 1163 1034 1186 ex
1053 1152 1273 1187 Keldeorum
1291 1163 1432 1199 genere,
1448 1153 1520 1193 sed,
1537 1158 1578 1188 ut
1596 1165 1637 1188 eo
1655 1165 1706 1188 se-

300 1213 379 1247 culo
405 1215 625 1251 consuetum,
652 1210 743 1244 nulli
769 1214 886 1244 certae
904 1210 979 1244 sedi
998 1210 1181 1256 illigatus:
1208 1211 1422 1245 familiarem
1446 1222 1530 1246 eum
1555 1211 1706 1247 Sanctae

300 1270 471 1316 Brigidae
497 1268 631 1314 virgini
654 1267 740 1302 facit
765 1268 804 1301 in
827 1268 924 1301 illius
946 1267 1035 1302 Vita
1059 1268 1250 1315 Cogitosus
1276 1268 1420 1313 Nepos;
1448 1270 1491 1303 de
1517 1281 1589 1314 quo
1615 1271 1706 1304 nihil

303 1329 400 1362 ultra
418 1327 613 1373 cognitum.
667 1325 808 1359 Claruit
825 1325 919 1359 circa
936 1337 1072 1360 annum
1091 1335 1193 1360 Dxx.

726 1440 761 1475 S.
789 1440 1132 1476 CONSTANTIA.
1186 1444 1269 1476 284.

300 1559 334 1592 S.
353 1559 625 1593 CONSTANTIA
643 1568 688 1592 ex
715 1556 834 1591 Scotia
858 1557 894 1591 S.
921 1557 1092 1592 Ursulam
1119 1563 1251 1598 secuta,
1278 1569 1359 1593 cum
1386 1570 1427 1592 ea
1454 1559 1701 1604 virginitatem

298 1615 376 1651 Deo
394 1616 506 1657 vovit,
525 1616 657 1651 terreni
675 1615 796 1659 sponsi
815 1616 1000 1659 amplexus
1025 1616 1131 1662 fugit,
1156 1616 1311 1650 Romam
1333 1616 1502 1661 profecta,
1527 1617 1610 1650 inde
1633 1617 1701 1651 Co-

297 1674 430 1708 loniam
457 1674 611 1708 secundo
638 1673 766 1706 Rheno
789 1673 917 1713 delata,
943 1684 1018 1707 una
1043 1684 1124 1707 cum
1151 1674 1230 1707 aliis
1258 1674 1471 1719 virginibus,
1499 1686 1632 1720 magna
1658 1686 1701 1708 ex

297 1736 399 1776 parte
417 1731 544 1772 Scotis,
571 1731 616 1766 ab
634 1730 782 1765 Hunnis
799 1731 878 1765 dira
896 1731 1058 1765 barbarie
1076 1730 1222 1766 Christo
1240 1732 1436 1767 immolata.
1461 1732 1699 1778 Martyrolog.

299 1789 418 1824 Canis.

348 1846 457 1881 Passa
475 1852 539 1887 est,
557 1851 593 1881 et
611 1847 741 1881 colitur
758 1847 878 1881 eodem
899 1858 993 1881 anno
1011 1855 1149 1880 cnmv.
1169 1850 1204 1879 et
1222 1847 1279 1880 die
1300 1856 1388 1880 XXI.
1409 1846 1555 1881 Octobr.

752 1962 787 1996 S.
816 1961 1097 1997 CHUVILDA.
1152 1964 1235 1996 285.

295 2082 330 2114 S.
363 2080 599 2119 CHUVILDA,
632 2083 771 2123 martyr
802 2083 837 2112 et
869 2079 971 2124 virgo
997 2077 1112 2118 Scota,
1140 2089 1260 2112 amore
1289 2078 1357 2112 Dei
1388 2077 1587 2124 peregrina,
1614 2084 1693 2123 post

296 2138 430 2172 Gallias
466 2136 748 2181 Germaniasque
785 2137 956 2170 lustratas
990 2136 1149 2170 maxima
1189 2136 1426 2170 sanctimonia
1459 2137 1555 2180 apud
1586 2136 1696 2171 Boios

296 2195 468 2234 substitit,
484 2205 556 2228 una
575 2206 619 2228 ex
638 2193 759 2229 Sancti
777 2193 1003 2228 willibrordi
1021 2193 1117 2227 Scoti
1136 2194 1331 2238 discipulis.
1368 2194 1507 2228 Ferunt
1526 2205 1602 2228 eam
1622 2205 1696 2229 mo-

295 2253 450 2287 nasterio
468 2251 695 2295 praefectam,
714 2257 749 2286 et
767 2251 897 2286 Sancto
916 2251 1102 2285 Bonifacio
1121 2251 1225 2285 Scoto
1243 2251 1517 2286 Germaniarum
1532 2253 1693 2296 apostolo

294 2310 528 2350 familiarem3
557 2314 698 2354 tempus
724 2314 818 2344 certe
843 2310 879 2343 id
903 2310 1050 2354 patitur,
1078 2314 1113 2343 et
1141 2309 1321 2356 hagiologi
1347 2308 1516 2343 Germani
1541 2310 1577 2342 id
1601 2320 1694 2343 asse-

294 2372 390 2407 runt,
422 2378 465 2400 ex
495 2366 625 2411 quibus
655 2367 838 2414 Wolfang.
866 2366 999 2402 Lazius
1026 2367 1087 2402 lib.
1120 2376 1194 2410 v11.
1225 2366 1435 2413 Migration.
1470 2366 1576 2400 Gent.
1610 2377 1690 2412 pag.

295 2433 496 2460 ccxxxm.
550 2423 699 2468 Scripsit
