2032 2912
312 308 354 339 66
695 300 924 335 HISTORIA
948 296 1255 331 ECCLESIASTI
1262 296 1322 329 CA

760 453 796 487 S.
824 449 1118 487 BATHENUS.
1172 451 1255 484 123.

311 573 372 606 DE
392 583 432 605 eo
450 570 557 604 etiam
575 569 735 616 ejusdem
754 567 803 602 H.
823 566 968 602 Boethii
986 564 1228 601 narrationem
1246 563 1434 599 audiamus
1452 563 1513 599 lib.
1534 571 1591 597 IX.
1612 562 1711 598 Hist.

314 629 409 663 Scot.
428 638 509 673 pag.
527 635 686 662 CLXVII.
740 630 762 646 “
778 624 918 661 Venere
935 635 1016 659 cum
1035 634 1077 658 eo
1096 622 1147 667 (S.
1167 621 1357 668 Columba)
1376 621 1415 656 in
1432 620 1623 656 Albionem
1643 621 1712 655 viri

312 685 499 720 duodecim
517 684 654 718 Christi
672 684 838 730 dogmate
856 681 1046 728 insigniter
1061 680 1204 721 imbuti,
1224 679 1286 714 sed
1303 679 1418 725 magis
1436 679 1542 725 longe
1566 678 1715 712 sanctis-

313 744 411 777 simis
436 741 590 777 decorati
614 741 784 780 moribus,
808 739 993 773 Bathenus
1011 742 1047 772 et
1064 737 1248 777 Cominus,
1269 737 1331 782 qui
1349 740 1430 781 post
1444 736 1637 771 Columbae
1656 746 1715 769 ex-

314 802 406 835 itum
436 799 691 834 monachorum
721 797 885 832 claustris
915 795 1083 840 praefecti
1118 795 1213 828 inter
1247 793 1372 828 Scotos
1406 793 1504 828 haud
1539 793 1716 827 mediocre

313 858 448 893 Christi
467 857 630 891 ecclesiae
647 856 753 890 decus
771 853 955 888 attulere.’'
998 851 1075 886 Nec
1091 853 1196 896 plura
1213 850 1298 885 alibi
1316 850 1360 884 de
1374 861 1415 885 eo
1427 850 1575 884 memini
1588 850 1715 895 legere,

314 916 383 950 nisi
411 915 506 959 apud
532 913 734 947 Notkerum
760 911 953 946 Balbulum
978 909 1018 944 in
1043 908 1316 954 Martyrologio,
1348 907 1411 952 qui
1440 915 1479 941 V.
1505 906 1587 941 idus
1613 905 1715 940 Junii

313 973 578 1007 Batthenaeum
596 974 710 1009 vocat,
728 973 770 1003 ut
787 972 824 1002 et
841 967 877 1002 S.
891 966 1128 1000 Adamannus
1142 965 1269 999 Scotus
1282 964 1343 998 lib.
1360 973 1385 998 1.
1400 963 1508 999 Vitae
1521 962 1558 997 S.
1574 962 1718 997 Colum-

316 1030 380 1064 bae
396 1040 473 1073 cap.
492 1036 567 1062 ΧΠ.
594 1027 655 1061 lib.
675 1034 719 1060 11.
743 1036 820 1070 cap.
845 1032 938 1058 xm.
962 1023 1023 1058 lib.
1050 1031 1112 1057 111.
1136 1032 1212 1067 cap.
1235 1030 1342 1058 xxu.
1367 1026 1403 1056 et
1426 1031 1502 1066 cap.
1527 1028 1630 1055 xxx.
1657 1020 1719 1054 ubi

318 1085 568 1130 Baiphenaeus
599 1084 741 1118 dicitur.
806 1081 990 1116 Arnoldus
1020 1080 1143 1115 Uvion
1172 1080 1233 1115 lib.
1267 1087 1328 1114 111.
1359 1078 1470 1125 Ligni
1499 1078 1607 1115 Vitae
1637 1089 1720 1124 pag.

317 1151 494 1178 ccccxn.
513 1141 752 1186 Batpherium
769 1143 884 1174 vocat.
937 1138 1128 1183 Scripsisse
1145 1137 1261 1172 fertur
1278 1137 1432 1184 eleganti
1450 1137 1557 1182 stylo,

464 1198 558 1234 Acta
575 1198 770 1233 Columbae
788 1196 953 1242 magistri
1215 1194 1277 1229 lib.
1298 1204 1324 1229 1.

465 1257 521 1291 De
539 1256 760 1300 Monasticae
777 1254 885 1289 Vitae
902 1253 1028 1288 Laude
1212 1253 1274 1287 lib.
1295 1261 1356 1286 111.

469 1313 708 1348 Euchiridion
727 1312 880 1346 Precum
1217 1310 1279 1344 lib.
1299 1319 1325 1344 1.

372 1371 538 1407 Florebat
556 1381 650 1405 anno
668 1378 779 1404 Dcv1.
798 1369 865 1404 sub
888 1368 1050 1413 piissimo
1073 1379 1157 1414 rege
1181 1366 1367 1409 Conuallo,
1393 1366 1494 1402 Petri
1519 1366 1722 1401 cathedram

323 1431 458 1464 Romae
478 1427 681 1463 tenentibus
700 1426 895 1461 Bonifaciis
913 1425 985 1461 111.
1003 1430 1038 1460 et
1056 1425 1120 1460 IV.
1159 1424 1184 1459 J
1185 1437 1265 1461 oan.
1283 1424 1455 1460 Leslaeus
1468 1425 1529 1459 lib.
1547 1433 1602 1458 1V.
1623 1423 1720 1458 Hist.

322 1488 449 1522 Scotic.
467 1498 550 1533 pag.
566 1494 663 1520 thI.
707 1485 848 1520 Colitur
866 1493 904 1519 v.
922 1483 946 1518 J
949 1483 1037 1518 unii.
1080 1483 1264 1519 Notkerus
1281 1483 1457 1518 Balbulus
1475 1483 1514 1518 in
1532 1482 1722 1528 Martyrol.

812 1658 849 1692 S.
875 1657 1094 1693 BEANUS.
1148 1660 1231 1693 124.

325 1777 360 1811 S.
393 1776 565 1810 BEANUS
596 1771 873 1808 Murthlacensis
907 1773 946 1806 in
980 1772 1099 1807 Scotia
1131 1773 1270 1817 primus
1304 1772 1467 1813 antistes,
1503 1783 1596 1817 quae
1626 1773 1725 1806 sedes

323 1832 564 1868 Aberdoniam
582 1836 705 1877 postea
722 1831 906 1870 translata,
932 1830 1029 1875 quod
1057 1831 1175 1865 locum
1198 1830 1356 1875 priorem
1379 1830 1476 1865 Dani
1500 1830 1727 1865 delevissent.

327 1891 375 1925 H.
394 1890 567 1925 Boethius
583 1889 643 1923 lib.
659 1897 717 1923 XI.
738 1887 835 1921 Hist.
851 1887 978 1922 Scotic.
997 1898 1079 1934 pag.
1100 1896 1315 1922 CCXXXXV.
1335 1892 1358 1908 “
1371 1888 1570 1924 Murthlaci
1588 1899 1729 1923 sacrum

327 1948 577 1994 magistratum
598 1947 757 1981 omnium
775 1945 913 1990 primus
931 1946 1043 1991 gessit
1061 1945 1215 1986 Beanus,
1239 1946 1296 1980 vir
1319 1946 1452 1991 pietate
1474 1950 1510 1981 et
1529 1945 1729 1980 eruditione

330 2005 491 2051 insignis,
516 2005 611 2038 inter
636 2004 749 2044 divos,
781 2003 842 2037 sed
866 2003 1003 2048 aliquot
1022 2007 1104 2048 post
1133 2014 1258 2044 annos,
1284 2002 1454 2038 relatus.'’
1503 2003 1602 2037 Eum
1634 2002 1729 2037 Usu-

330 2063 406 2097 ardi
425 2061 685 2108 Martyrologio
702 2061 833 2106 adjecit
850 2071 894 2094 ex
911 2060 1029 2095 codice
1047 2065 1167 2095 vetere
1180 2061 1422 2106 manuscripto
1438 2059 1463 2094 J
1465 2072 1597 2095 oannes
1616 2060 1730 2095 Mola-

330 2131 410 2160 nus,
428 2124 536 2164 atque
554 2119 606 2153 ita
622 2118 831 2153 memoriam
850 2118 927 2164 ejus
951 2118 1104 2152 celebrat
1127 2118 1432 2164 Martyrologium
1457 2118 1662 2153 Romanum
1687 2118 1731 2152 ad

332 2178 424 2211 diem
437 2185 522 2210 XVI.
530 2176 752 2211 Decembris:
768 2175 1021 2210 “Aberdoniae
1031 2175 1070 2210 in
1082 2175 1258 2209 Hibernia
1269 2175 1304 2209 S.
1317 2175 1431 2210 Beani
1443 2176 1630 2221 episcopi.'’
1655 2175 1731 2210 Du-

332 2233 656 2279 plexcompilatoris
663 2243 777 2274 error3
791 2244 875 2267 nam
886 2232 1232 2278 nequeAberdoniae
1243 2233 1370 2268 civitas
1381 2234 1419 2268 in
1427 2233 1683 2274 Hibernia,sed
1694 2234 1731 2267 in

334 2291 462 2330 Scotia‚
475 2296 581 2335 portu
591 2291 700 2325 maris
712 2291 907 2332 commodo,
919 2296 955 2326 et
966 2291 1145 2325 academia
1157 2290 1444 2326 celebratissima.
1470 2291 1585 2326 Notat
1597 2291 1733 2336 Philip-

337 2359 403 2393 pus
416 2348 602 2382 Ferrarius
613 2348 891 2389 Alexandrinus,
902 2348 1187 2389 mathematicus,
1196 2349 1330 2383 ordinis
1342 2348 1536 2384 Servorum
1547 2349 1733 2395 generalis,

337 2406 374 2439 in
393 2405 645 2451 Topographia
662 2406 706 2440 ad
725 2405 1028 2453 Martyrologium
1043 2405 1261 2442 Romanum.
1297 2405 1423 2452 Neque
1437 2407 1497 2441 ille
1509 2405 1736 2442 Aberdoniae
