<?xml version="1.0" encoding="UTF-8"?>
<!DOCTYPE html PUBLIC "-//W3C//DTD XHTML 1.0 Transitional//EN"
    "http://www.w3.org/TR/xhtml1/DTD/xhtml1-transitional.dtd">
<html xmlns="http://www.w3.org/1999/xhtml" xml:lang="en" lang="en">
 <head>
  <title>
</title>
<meta http-equiv="Content-Type" content="text/html;charset=utf-8" />
  <meta name='ocr-system' content='tesseract 3.04.00' />
  <meta name='ocr-capabilities' content='ocr_page ocr_carea ocr_par ocr_line ocrx_word'/>
</head>
<body>
  <div class='ocr_page' id='page_1' title='image "./thomaedempste2101dempuoft_0197.png"; bbox 0 0 2032 2912; ppageno 0'>
   <div class='ocr_carea' id='block_1_1' title="bbox 690 328 1721 366">
    <p class='ocr_par' dir='ltr' id='par_1_1' title="bbox 690 328 1721 366">
     <span class='ocr_line' id='line_1_1' title="bbox 690 328 1721 366; baseline -0.004 -4"><span class='ocrx_word' id='word_1_1' title='bbox 690 330 866 362; x_wconf 90' lang='lat' dir='ltr'><strong>GENTIS</strong></span> <span class='ocrx_word' id='word_1_2' title='bbox 891 328 1168 366; x_wconf 88' lang='lat' dir='ltr'><strong>SCOTORUM,</strong></span> <span class='ocrx_word' id='word_1_3' title='bbox 1194 328 1283 361; x_wconf 90' lang='lat' dir='ltr'><strong>LIB.</strong></span> <span class='ocrx_word' id='word_1_4' title='bbox 1305 328 1370 360; x_wconf 93' lang='grc' dir='ltr'>ΙΙΙ.</span> <span class='ocrx_word' id='word_1_5' title='bbox 1658 328 1721 358; x_wconf 81' lang='grc'><strong>135</strong></span> 
     </span>
    </p>
   </div>
   <div class='ocr_carea' id='block_1_2' title="bbox 331 421 1720 630">
    <p class='ocr_par' dir='ltr' id='par_1_2' title="bbox 334 421 1717 468">
     <span class='ocr_line' id='line_1_2' title="bbox 334 421 1717 468; baseline -0.003 -9"><span class='ocrx_word' id='word_1_6' title='bbox 334 426 416 459; x_wconf 87' lang='lat' dir='ltr'><strong>inde</strong></span> <span class='ocrx_word' id='word_1_7' title='bbox 434 425 593 459; x_wconf 87' lang='lat' dir='ltr'><strong>exiisse.’‘</strong></span> <span class='ocrx_word' id='word_1_8' title='bbox 620 423 696 458; x_wconf 89' lang='lat' dir='ltr'><strong>Nec</strong></span> <span class='ocrx_word' id='word_1_9' title='bbox 706 425 749 458; x_wconf 91' lang='lat' dir='ltr'><strong>de</strong></span> <span class='ocrx_word' id='word_1_10' title='bbox 761 435 801 458; x_wconf 92' lang='lat' dir='ltr'><strong>eo</strong></span> <span class='ocrx_word' id='word_1_11' title='bbox 819 424 913 457; x_wconf 87' lang='lat' dir='ltr'><strong>alibi.</strong></span> <span class='ocrx_word' id='word_1_12' title='bbox 942 423 1080 468; x_wconf 86' lang='lat' dir='ltr'>Scripta</span> <span class='ocrx_word' id='word_1_13' title='bbox 1098 423 1174 468; x_wconf 88' lang='lat' dir='ltr'><strong>ejus</strong></span> <span class='ocrx_word' id='word_1_14' title='bbox 1193 423 1375 467; x_wconf 88' lang='lat' dir='ltr'><strong>perierunt</strong></span> <span class='ocrx_word' id='word_1_15' title='bbox 1390 421 1524 468; x_wconf 86' lang='lat' dir='ltr'><strong>injuria</strong></span> <span class='ocrx_word' id='word_1_16' title='bbox 1536 422 1717 466; x_wconf 89' lang='lat' dir='ltr'><strong>temporis.</strong></span> 
     </span>
    </p>

    <p class='ocr_par' dir='ltr' id='par_1_3' title="bbox 331 478 1720 630">
     <span class='ocr_line' id='line_1_3' title="bbox 382 478 1720 516; baseline -0.004 0"><span class='ocrx_word' id='word_1_17' title='bbox 382 482 484 516; x_wconf 90' lang='lat' dir='ltr'>Vixit</span> <span class='ocrx_word' id='word_1_18' title='bbox 502 493 595 516; x_wconf 89' lang='lat' dir='ltr'><strong>anno</strong></span> <span class='ocrx_word' id='word_1_19' title='bbox 613 490 677 515; x_wconf 87' lang='lat' dir='ltr'><strong>Dc.</strong></span> <span class='ocrx_word' id='word_1_20' title='bbox 698 481 838 515; x_wconf 87' lang='lat' dir='ltr'><strong>Colitur</strong></span> <span class='ocrx_word' id='word_1_21' title='bbox 855 489 961 514; x_wconf 79' lang='lat' dir='ltr'><strong>XXII.</strong></span> <span class='ocrx_word' id='word_1_22' title='bbox 987 481 1044 514; x_wconf 89' lang='lat' dir='ltr'><strong>die</strong></span> <span class='ocrx_word' id='word_1_23' title='bbox 1066 480 1240 514; x_wconf 87' lang='lat' dir='ltr'><strong>Novemb.</strong></span> <span class='ocrx_word' id='word_1_24' title='bbox 1264 479 1414 514; x_wconf 90' lang='lat' dir='ltr'><strong>Arnold.</strong></span> <span class='ocrx_word' id='word_1_25' title='bbox 1436 478 1558 514; x_wconf 91' lang='lat' dir='ltr'><strong>Uvion</strong></span> <span class='ocrx_word' id='word_1_26' title='bbox 1579 479 1639 513; x_wconf 88' lang='lat' dir='ltr'><strong>lib.</strong></span> <span class='ocrx_word' id='word_1_27' title='bbox 1660 487 1720 512; x_wconf 93' lang='lat'><strong>111.</strong></span> 
     </span>
     <span class='ocr_line' id='line_1_4' title="bbox 331 536 1718 585; baseline -0.002 -13"><span class='ocrx_word' id='word_1_28' title='bbox 331 539 412 585; x_wconf 89' lang='lat' dir='ltr'><strong>Lig.</strong></span> <span class='ocrx_word' id='word_1_29' title='bbox 448 539 554 574; x_wconf 88' lang='lat' dir='ltr'><strong>Vitae</strong></span> <span class='ocrx_word' id='word_1_30' title='bbox 589 549 669 584; x_wconf 85' lang='lat' dir='ltr'><strong>pag.</strong></span> <span class='ocrx_word' id='word_1_31' title='bbox 702 545 908 571; x_wconf 82' lang='lat' dir='ltr'><strong>CCCLXXV.</strong></span> <span class='ocrx_word' id='word_1_32' title='bbox 942 541 962 556; x_wconf 91' lang='lat'><strong>“</strong></span> <span class='ocrx_word' id='word_1_33' title='bbox 988 548 1138 582; x_wconf 87' lang='lat' dir='ltr'><strong>magnae</strong></span> <span class='ocrx_word' id='word_1_34' title='bbox 1170 538 1408 582; x_wconf 86' lang='lat' dir='ltr'><strong>simplicitatis</strong></span> <span class='ocrx_word' id='word_1_35' title='bbox 1434 541 1470 571; x_wconf 88' lang='lat' dir='ltr'><strong>et</strong></span> <span class='ocrx_word' id='word_1_36' title='bbox 1497 536 1718 571; x_wconf 81' lang='lat' dir='ltr'><strong>innocentiae</strong></span> 
     </span>
     <span class='ocr_line' id='line_1_5' title="bbox 331 596 602 630; baseline 0 -1"><span class='ocrx_word' id='word_1_37' title='bbox 331 596 468 630; x_wconf 90' lang='lat' dir='ltr'><strong>virum&#39;’</strong></span> <span class='ocrx_word' id='word_1_38' title='bbox 488 599 602 629; x_wconf 89' lang='lat' dir='ltr'><strong>vocat.</strong></span> 
     </span>
    </p>
   </div>
   <div class='ocr_carea' id='block_1_3' title="bbox 749 689 1309 726">
    <p class='ocr_par' dir='ltr' id='par_1_4' title="bbox 749 689 1309 726">
     <span class='ocr_line' id='line_1_6' title="bbox 749 689 1309 726; baseline 0.002 -2"><span class='ocrx_word' id='word_1_39' title='bbox 749 690 785 724; x_wconf 89' lang='lat' dir='ltr'><strong>S.</strong></span> <span class='ocrx_word' id='word_1_40' title='bbox 813 689 1170 725; x_wconf 88' lang='lat' dir='ltr'><strong>CUTHBERTUS.</strong></span> <span class='ocrx_word' id='word_1_41' title='bbox 1224 693 1309 726; x_wconf 79' lang='lat'><strong>234.</strong></span> 
     </span>
    </p>
   </div>
   <div class='ocr_carea' id='block_1_4' title="bbox 326 762 1725 2473">
    <p class='ocr_par' dir='ltr' id='par_1_5' title="bbox 326 762 1725 1554">
     <span class='ocr_line' id='line_1_7' title="bbox 329 762 1721 811; baseline -0.001 -11"><span class='ocrx_word' id='word_1_42' title='bbox 329 767 364 800; x_wconf 89' lang='lat' dir='ltr'><strong>S.</strong></span> <span class='ocrx_word' id='word_1_43' title='bbox 407 765 696 804; x_wconf 79' lang='lat' dir='ltr'><strong>CUTHBERTUS,</strong></span> <span class='ocrx_word' id='word_1_44' title='bbox 740 764 816 798; x_wconf 89' lang='lat' dir='ltr'><strong>sive</strong></span> <span class='ocrx_word' id='word_1_45' title='bbox 860 762 1079 808; x_wconf 86' lang='lat' dir='ltr'><strong>Gunpertus,</strong></span> <span class='ocrx_word' id='word_1_46' title='bbox 1130 769 1194 799; x_wconf 89' lang='lat' dir='ltr'><strong>aut</strong></span> <span class='ocrx_word' id='word_1_47' title='bbox 1236 765 1450 809; x_wconf 85' lang='lat' dir='ltr'><strong>Cudpertus,</strong></span> <span class='ocrx_word' id='word_1_48' title='bbox 1495 765 1721 811; x_wconf 88' lang='lat' dir='ltr'><strong>Wingarten.</strong></span> 
     </span>
     <span class='ocr_line' id='line_1_8' title="bbox 328 819 1723 868; baseline -0.001 -11"><span class='ocrx_word' id='word_1_49' title='bbox 328 823 460 857; x_wconf 90' lang='lat' dir='ltr'><strong>Chron.</strong></span> <span class='ocrx_word' id='word_1_50' title='bbox 499 833 582 868; x_wconf 87' lang='lat' dir='ltr'><strong>pag.</strong></span> <span class='ocrx_word' id='word_1_51' title='bbox 618 830 773 856; x_wconf 86' lang='lat' dir='ltr'><strong>CCXVII.</strong></span> <span class='ocrx_word' id='word_1_52' title='bbox 808 821 847 855; x_wconf 92' lang='lat' dir='ltr'><strong>in</strong></span> <span class='ocrx_word' id='word_1_53' title='bbox 884 819 1002 855; x_wconf 89' lang='lat' dir='ltr'><strong>Scotia</strong></span> <span class='ocrx_word' id='word_1_54' title='bbox 1035 826 1153 862; x_wconf 86' lang='lat' dir='ltr'><strong>natus,</strong></span> <span class='ocrx_word' id='word_1_55' title='bbox 1196 823 1234 856; x_wconf 93' lang='lat' dir='ltr'><strong>in</strong></span> <span class='ocrx_word' id='word_1_56' title='bbox 1272 822 1440 856; x_wconf 90' lang='lat' dir='ltr'><strong>coenobio</strong></span> <span class='ocrx_word' id='word_1_57' title='bbox 1484 822 1723 857; x_wconf 87' lang='lat' dir='ltr'><strong>Mailrosiensi</strong></span> 
     </span>
     <span class='ocr_line' id='line_1_9' title="bbox 327 879 1724 925; baseline 0 -11"><span class='ocrx_word' id='word_1_58' title='bbox 327 880 509 919; x_wconf 87' lang='lat' dir='ltr'><strong>educatus,</strong></span> <span class='ocrx_word' id='word_1_59' title='bbox 536 884 582 919; x_wconf 91' lang='lat' dir='ltr'><strong>et,</strong></span> <span class='ocrx_word' id='word_1_60' title='bbox 608 890 706 913; x_wconf 90' lang='lat' dir='ltr'><strong>more</strong></span> <span class='ocrx_word' id='word_1_61' title='bbox 723 879 841 925; x_wconf 86' lang='lat' dir='ltr'><strong>gentis</strong></span> <span class='ocrx_word' id='word_1_62' title='bbox 868 883 1011 913; x_wconf 89' lang='lat' dir='ltr'><strong>nostrae</strong></span> <span class='ocrx_word' id='word_1_63' title='bbox 1036 891 1078 914; x_wconf 90' lang='lat' dir='ltr'><strong>eo</strong></span> <span class='ocrx_word' id='word_1_64' title='bbox 1103 881 1232 921; x_wconf 88' lang='lat' dir='ltr'><strong>seculo,</strong></span> <span class='ocrx_word' id='word_1_65' title='bbox 1256 880 1294 914; x_wconf 91' lang='lat' dir='ltr'><strong>in</strong></span> <span class='ocrx_word' id='word_1_66' title='bbox 1320 879 1618 914; x_wconf 87' lang='lat' dir='ltr'><strong>Northumbriam</strong></span> <span class='ocrx_word' id='word_1_67' title='bbox 1643 891 1724 923; x_wconf 93' lang='lat' dir='ltr'><strong>pro-</strong></span> 
     </span>
     <span class='ocr_line' id='line_1_10' title="bbox 328 936 1724 983; baseline -0.001 -12"><span class='ocrx_word' id='word_1_68' title='bbox 328 937 440 972; x_wconf 89' lang='lat' dir='ltr'><strong>fectus</strong></span> <span class='ocrx_word' id='word_1_69' title='bbox 466 938 505 971; x_wconf 93' lang='lat' dir='ltr'><strong>in</strong></span> <span class='ocrx_word' id='word_1_70' title='bbox 530 937 745 971; x_wconf 86' lang='lat' dir='ltr'><strong>monasticae</strong></span> <span class='ocrx_word' id='word_1_71' title='bbox 771 937 868 970; x_wconf 87' lang='lat' dir='ltr'><strong>vitae</strong></span> <span class='ocrx_word' id='word_1_72' title='bbox 893 937 1081 971; x_wconf 72' lang='lat' dir='ltr'><strong>sanctitate</strong></span> <span class='ocrx_word' id='word_1_73' title='bbox 1106 937 1286 972; x_wconf 89' lang='lat' dir='ltr'><strong>mirabiles</strong></span> <span class='ocrx_word' id='word_1_74' title='bbox 1312 948 1522 983; x_wconf 88' lang='lat' dir='ltr'><strong>progressus</strong></span> <span class='ocrx_word' id='word_1_75' title='bbox 1548 936 1632 970; x_wconf 89' lang='lat' dir='ltr'><strong>fecit</strong></span> <span class='ocrx_word' id='word_1_76' title='bbox 1658 937 1724 971; x_wconf 92' lang='lat' dir='ltr'><strong>sub</strong></span> 
     </span>
     <span class='ocr_line' id='line_1_11' title="bbox 328 993 1724 1040; baseline -0.001 -12"><span class='ocrx_word' id='word_1_77' title='bbox 328 996 450 1040; x_wconf 89' lang='lat' dir='ltr'><strong>regula</strong></span> <span class='ocrx_word' id='word_1_78' title='bbox 469 994 504 1028; x_wconf 90' lang='lat' dir='ltr'><strong>S.</strong></span> <span class='ocrx_word' id='word_1_79' title='bbox 524 994 657 1028; x_wconf 87' lang='lat' dir='ltr'><strong>Aidani</strong></span> <span class='ocrx_word' id='word_1_80' title='bbox 681 993 788 1034; x_wconf 86' lang='lat' dir='ltr'><strong>Scoti,</strong></span> <span class='ocrx_word' id='word_1_81' title='bbox 813 998 855 1028; x_wconf 88' lang='lat' dir='ltr'><strong>ut</strong></span> <span class='ocrx_word' id='word_1_82' title='bbox 877 993 938 1028; x_wconf 88' lang='lat' dir='ltr'><strong>lib.</strong></span> <span class='ocrx_word' id='word_1_83' title='bbox 960 1003 985 1028; x_wconf 91' lang='lat'><strong>1.</strong></span> <span class='ocrx_word' id='word_1_84' title='bbox 1011 994 1078 1028; x_wconf 88' lang='lat' dir='ltr'><strong>hoc</strong></span> <span class='ocrx_word' id='word_1_85' title='bbox 1103 1005 1207 1039; x_wconf 90' lang='lat' dir='ltr'><strong>opere</strong></span> <span class='ocrx_word' id='word_1_86' title='bbox 1233 1005 1342 1038; x_wconf 85' lang='lat' dir='ltr'><strong>supra</strong></span> <span class='ocrx_word' id='word_1_87' title='bbox 1368 998 1563 1028; x_wconf 83' lang='lat' dir='ltr'><strong>ostensum.</strong></span> <span class='ocrx_word' id='word_1_88' title='bbox 1590 993 1626 1028; x_wconf 89' lang='lat' dir='ltr'><strong>S.</strong></span> <span class='ocrx_word' id='word_1_89' title='bbox 1646 994 1724 1027; x_wconf 85' lang='lat' dir='ltr'><strong>Wi-</strong></span> 
     </span>
     <span class='ocr_line' id='line_1_12' title="bbox 328 1050 1720 1097; baseline -0.001 -11"><span class='ocrx_word' id='word_1_90' title='bbox 328 1063 369 1086; x_wconf 88' lang='lat' dir='ltr'><strong>ro</strong></span> <span class='ocrx_word' id='word_1_91' title='bbox 387 1052 519 1086; x_wconf 90' lang='lat' dir='ltr'><strong>dicitur</strong></span> <span class='ocrx_word' id='word_1_92' title='bbox 543 1052 581 1085; x_wconf 91' lang='lat' dir='ltr'><strong>in</strong></span> <span class='ocrx_word' id='word_1_93' title='bbox 605 1051 681 1085; x_wconf 90' lang='lat' dir='ltr'><strong>vita</strong></span> <span class='ocrx_word' id='word_1_94' title='bbox 701 1051 815 1095; x_wconf 90' lang='lat' dir='ltr'><strong>ipsius</strong></span> <span class='ocrx_word' id='word_1_95' title='bbox 842 1051 880 1085; x_wconf 89' lang='lat' dir='ltr'><strong>in</strong></span> <span class='ocrx_word' id='word_1_96' title='bbox 905 1050 1011 1085; x_wconf 91' lang='lat' dir='ltr'><strong>Surio</strong></span> <span class='ocrx_word' id='word_1_97' title='bbox 1037 1052 1114 1097; x_wconf 88' lang='lat' dir='ltr'><strong>ejus</strong></span> <span class='ocrx_word' id='word_1_98' title='bbox 1141 1052 1366 1086; x_wconf 86' lang='lat' dir='ltr'><strong>sanctitatem</strong></span> <span class='ocrx_word' id='word_1_99' title='bbox 1392 1056 1434 1086; x_wconf 90' lang='lat' dir='ltr'><strong>ut</strong></span> <span class='ocrx_word' id='word_1_100' title='bbox 1460 1052 1548 1085; x_wconf 90' lang='lat' dir='ltr'><strong>civis</strong></span> <span class='ocrx_word' id='word_1_101' title='bbox 1574 1052 1720 1085; x_wconf 90' lang='lat' dir='ltr'><strong>imitari.</strong></span> 
     </span>
     <span class='ocr_line' id='line_1_13' title="bbox 329 1107 1722 1155; baseline 0 -13"><span class='ocrx_word' id='word_1_102' title='bbox 329 1108 420 1143; x_wconf 90' lang='lat' dir='ltr'><strong>Vide</strong></span> <span class='ocrx_word' id='word_1_103' title='bbox 438 1110 555 1143; x_wconf 88' lang='lat' dir='ltr'><strong>locum</strong></span> <span class='ocrx_word' id='word_1_104' title='bbox 571 1108 633 1142; x_wconf 92' lang='lat' dir='ltr'><strong>lib.</strong></span> <span class='ocrx_word' id='word_1_105' title='bbox 653 1116 742 1142; x_wconf 84' lang='lat' dir='ltr'><strong>XIX.</strong></span> <span class='ocrx_word' id='word_1_106' title='bbox 761 1107 868 1142; x_wconf 90' lang='lat' dir='ltr'><strong>infra.</strong></span> <span class='ocrx_word' id='word_1_107' title='bbox 920 1108 1156 1155; x_wconf 87' lang='lat' dir='ltr'><strong>Martyrolog.</strong></span> <span class='ocrx_word' id='word_1_108' title='bbox 1171 1109 1276 1143; x_wconf 89' lang='lat' dir='ltr'><strong>Rom.</strong></span> <span class='ocrx_word' id='word_1_109' title='bbox 1295 1110 1352 1143; x_wconf 93' lang='lat' dir='ltr'><strong>die</strong></span> <span class='ocrx_word' id='word_1_110' title='bbox 1371 1118 1444 1143; x_wconf 82' lang='lat' dir='ltr'><strong>XX.</strong></span> <span class='ocrx_word' id='word_1_111' title='bbox 1463 1109 1610 1143; x_wconf 89' lang='lat' dir='ltr'><strong>Martii:</strong></span> <span class='ocrx_word' id='word_1_112' title='bbox 1639 1114 1659 1128; x_wconf 91' lang='lat'><strong>“</strong></span> <span class='ocrx_word' id='word_1_113' title='bbox 1679 1109 1722 1142; x_wconf 84' lang='lat' dir='ltr'><strong>In</strong></span> 
     </span>
     <span class='ocr_line' id='line_1_14' title="bbox 332 1164 1725 1211; baseline 0 -11"><span class='ocrx_word' id='word_1_114' title='bbox 332 1166 522 1200; x_wconf 88' lang='lat' dir='ltr'><strong>Britannia</strong></span> <span class='ocrx_word' id='word_1_115' title='bbox 547 1165 720 1210; x_wconf 89' lang='lat' dir='ltr'><strong>depositio</strong></span> <span class='ocrx_word' id='word_1_116' title='bbox 743 1164 779 1199; x_wconf 91' lang='lat' dir='ltr'><strong>S.</strong></span> <span class='ocrx_word' id='word_1_117' title='bbox 803 1165 993 1200; x_wconf 89' lang='lat' dir='ltr'><strong>Cuthberti</strong></span> <span class='ocrx_word' id='word_1_118' title='bbox 1020 1166 1174 1210; x_wconf 92' lang='lat' dir='ltr'><strong>episcopi</strong></span> <span class='ocrx_word' id='word_1_119' title='bbox 1200 1166 1518 1206; x_wconf 85' lang='lat' dir='ltr'><strong>Lindisfarnensis,</strong></span> <span class='ocrx_word' id='word_1_120' title='bbox 1541 1167 1603 1211; x_wconf 92' lang='lat' dir='ltr'><strong>qui</strong></span> <span class='ocrx_word' id='word_1_121' title='bbox 1622 1178 1643 1200; x_wconf 88' lang='lat' dir='ltr'><strong>a</strong></span> <span class='ocrx_word' id='word_1_122' title='bbox 1660 1177 1725 1211; x_wconf 89' lang='lat' dir='ltr'><strong>pu-</strong></span> 
     </span>
     <span class='ocr_line' id='line_1_15' title="bbox 328 1223 1723 1269; baseline 0 -12"><span class='ocrx_word' id='word_1_123' title='bbox 328 1223 432 1258; x_wconf 87' lang='lat' dir='ltr'><strong>eritia</strong></span> <span class='ocrx_word' id='word_1_124' title='bbox 451 1224 498 1258; x_wconf 91' lang='lat' dir='ltr'><strong>ad</strong></span> <span class='ocrx_word' id='word_1_125' title='bbox 515 1223 653 1258; x_wconf 88' lang='lat' dir='ltr'><strong>obitum</strong></span> <span class='ocrx_word' id='word_1_126' title='bbox 671 1233 784 1267; x_wconf 89' lang='lat' dir='ltr'><strong>usque</strong></span> <span class='ocrx_word' id='word_1_127' title='bbox 801 1224 933 1257; x_wconf 87' lang='lat' dir='ltr'><strong>sanctis</strong></span> <span class='ocrx_word' id='word_1_128' title='bbox 951 1223 1117 1268; x_wconf 86' lang='lat' dir='ltr'><strong>operibus</strong></span> <span class='ocrx_word' id='word_1_129' title='bbox 1144 1228 1180 1257; x_wconf 86' lang='lat' dir='ltr'><strong>et</strong></span> <span class='ocrx_word' id='word_1_130' title='bbox 1205 1224 1459 1258; x_wconf 88' lang='lat' dir='ltr'><strong>miraculorum</strong></span> <span class='ocrx_word' id='word_1_131' title='bbox 1486 1224 1598 1269; x_wconf 89' lang='lat' dir='ltr'><strong>signis</strong></span> <span class='ocrx_word' id='word_1_132' title='bbox 1625 1224 1723 1257; x_wconf 87' lang='lat' dir='ltr'><strong>efful-</strong></span> 
     </span>
     <span class='ocr_line' id='line_1_16' title="bbox 329 1279 1719 1326; baseline 0 -12"><span class='ocrx_word' id='word_1_133' title='bbox 329 1281 408 1315; x_wconf 92' lang='lat' dir='ltr'><strong>sit.”</strong></span> <span class='ocrx_word' id='word_1_134' title='bbox 435 1280 589 1315; x_wconf 88' lang='lat' dir='ltr'><strong>Usuard.</strong></span> <span class='ocrx_word' id='word_1_135' title='bbox 603 1279 841 1326; x_wconf 89' lang='lat' dir='ltr'><strong>Martyrolog.</strong></span> <span class='ocrx_word' id='word_1_136' title='bbox 859 1281 981 1314; x_wconf 89' lang='lat' dir='ltr'><strong>eodem</strong></span> <span class='ocrx_word' id='word_1_137' title='bbox 995 1281 1070 1315; x_wconf 71' lang='lat' dir='ltr'><strong>diez</strong></span> <span class='ocrx_word' id='word_1_138' title='bbox 1089 1286 1110 1301; x_wconf 87' lang='lat'><strong>“</strong></span> <span class='ocrx_word' id='word_1_139' title='bbox 1123 1280 1235 1325; x_wconf 87' lang='lat' dir='ltr'><strong>Apud</strong></span> <span class='ocrx_word' id='word_1_140' title='bbox 1246 1279 1475 1315; x_wconf 87' lang='lat' dir='ltr'><strong>Britanniam</strong></span> <span class='ocrx_word' id='word_1_141' title='bbox 1493 1281 1667 1325; x_wconf 89' lang='lat' dir='ltr'><strong>depositio</strong></span> <span class='ocrx_word' id='word_1_142' title='bbox 1684 1281 1719 1315; x_wconf 89' lang='lat' dir='ltr'><strong>S.</strong></span> 
     </span>
     <span class='ocr_line' id='line_1_17' title="bbox 330 1337 1722 1382; baseline 0 -10"><span class='ocrx_word' id='word_1_143' title='bbox 330 1337 532 1378; x_wconf 88' lang='lat' dir='ltr'><strong>Cuthberti,</strong></span> <span class='ocrx_word' id='word_1_144' title='bbox 576 1338 638 1382; x_wconf 91' lang='lat' dir='ltr'><strong>qui</strong></span> <span class='ocrx_word' id='word_1_145' title='bbox 679 1348 724 1371; x_wconf 86' lang='lat' dir='ltr'><strong>ex</strong></span> <span class='ocrx_word' id='word_1_146' title='bbox 760 1337 973 1371; x_wconf 85' lang='lat' dir='ltr'><strong>anachoreta</strong></span> <span class='ocrx_word' id='word_1_147' title='bbox 1008 1338 1173 1372; x_wconf 88' lang='lat' dir='ltr'><strong>ecclesiae</strong></span> <span class='ocrx_word' id='word_1_148' title='bbox 1214 1337 1519 1372; x_wconf 84' lang='lat' dir='ltr'><strong>Lindisfarnensis</strong></span> <span class='ocrx_word' id='word_1_149' title='bbox 1560 1338 1722 1377; x_wconf 87' lang='lat' dir='ltr'><strong>antistes,</strong></span> 
     </span>
     <span class='ocr_line' id='line_1_18' title="bbox 326 1394 1720 1441; baseline -0.001 -12"><span class='ocrx_word' id='word_1_150' title='bbox 326 1400 440 1429; x_wconf 84' lang='lat' dir='ltr'><strong>totam</strong></span> <span class='ocrx_word' id='word_1_151' title='bbox 457 1395 502 1429; x_wconf 94' lang='lat' dir='ltr'><strong>ab</strong></span> <span class='ocrx_word' id='word_1_152' title='bbox 519 1394 673 1429; x_wconf 85' lang='lat' dir='ltr'><strong>infantia</strong></span> <span class='ocrx_word' id='word_1_153' title='bbox 689 1394 735 1428; x_wconf 87' lang='lat' dir='ltr'><strong>ad</strong></span> <span class='ocrx_word' id='word_1_154' title='bbox 751 1394 891 1428; x_wconf 89' lang='lat' dir='ltr'><strong>senium</strong></span> <span class='ocrx_word' id='word_1_155' title='bbox 908 1405 1021 1439; x_wconf 90' lang='lat' dir='ltr'><strong>usque</strong></span> <span class='ocrx_word' id='word_1_156' title='bbox 1047 1395 1161 1429; x_wconf 90' lang='lat' dir='ltr'><strong>vitam</strong></span> <span class='ocrx_word' id='word_1_157' title='bbox 1187 1395 1442 1429; x_wconf 88' lang='lat' dir='ltr'><strong>miraculorum</strong></span> <span class='ocrx_word' id='word_1_158' title='bbox 1466 1395 1580 1441; x_wconf 85' lang='lat' dir='ltr'><strong>signis</strong></span> <span class='ocrx_word' id='word_1_159' title='bbox 1606 1396 1720 1440; x_wconf 90' lang='lat' dir='ltr'><strong>incly-</strong></span> 
     </span>
     <span class='ocr_line' id='line_1_19' title="bbox 327 1451 1723 1498; baseline -0.001 -11"><span class='ocrx_word' id='word_1_160' title='bbox 327 1457 402 1487; x_wconf 87' lang='lat' dir='ltr'><strong>tam</strong></span> <span class='ocrx_word' id='word_1_161' title='bbox 415 1452 552 1486; x_wconf 87' lang='lat' dir='ltr'><strong>duxit.&#39;&#39;</strong></span> <span class='ocrx_word' id='word_1_162' title='bbox 579 1452 686 1486; x_wconf 90' lang='lat' dir='ltr'><strong>Paria</strong></span> <span class='ocrx_word' id='word_1_163' title='bbox 703 1451 915 1485; x_wconf 87' lang='lat' dir='ltr'><strong>recentiores</strong></span> <span class='ocrx_word' id='word_1_164' title='bbox 934 1451 1278 1498; x_wconf 84' lang='lat' dir='ltr'><strong>Martyrologiorum</strong></span> <span class='ocrx_word' id='word_1_165' title='bbox 1295 1456 1471 1492; x_wconf 88' lang='lat' dir='ltr'><strong>auctores,</strong></span> <span class='ocrx_word' id='word_1_166' title='bbox 1489 1456 1525 1486; x_wconf 87' lang='lat' dir='ltr'><strong>et</strong></span> <span class='ocrx_word' id='word_1_167' title='bbox 1541 1462 1627 1496; x_wconf 89' lang='lat' dir='ltr'><strong>prae</strong></span> <span class='ocrx_word' id='word_1_168' title='bbox 1644 1453 1723 1486; x_wconf 86' lang='lat' dir='ltr'><strong>aliis</strong></span> 
     </span>
     <span class='ocr_line' id='line_1_20' title="bbox 327 1508 1523 1554; baseline -0.001 -10"><span class='ocrx_word' id='word_1_169' title='bbox 327 1509 409 1544; x_wconf 91' lang='lat' dir='ltr'><strong>Ado</strong></span> <span class='ocrx_word' id='word_1_170' title='bbox 427 1510 663 1549; x_wconf 86' lang='lat' dir='ltr'><strong>Trevirensis,</strong></span> <span class='ocrx_word' id='word_1_171' title='bbox 682 1509 742 1554; x_wconf 86' lang='lat' dir='ltr'><strong>qui</strong></span> <span class='ocrx_word' id='word_1_172' title='bbox 762 1508 921 1543; x_wconf 90' lang='lat' dir='ltr'><strong>Usuardi</strong></span> <span class='ocrx_word' id='word_1_173' title='bbox 938 1509 1047 1543; x_wconf 89' lang='lat' dir='ltr'><strong>verba</strong></span> <span class='ocrx_word' id='word_1_174' title='bbox 1063 1509 1266 1554; x_wconf 88' lang='lat' dir='ltr'><strong>syllabatim</strong></span> <span class='ocrx_word' id='word_1_175' title='bbox 1288 1510 1523 1553; x_wconf 86' lang='lat' dir='ltr'><strong>transcripsit.</strong></span> 
     </span>
    </p>

    <p class='ocr_par' dir='ltr' id='par_1_6' title="bbox 326 1566 1721 1899">
     <span class='ocr_line' id='line_1_21' title="bbox 378 1566 1719 1614; baseline -0.001 -12"><span class='ocrx_word' id='word_1_176' title='bbox 378 1567 500 1614; x_wconf 90' lang='lat' dir='ltr'><strong>Hujus</strong></span> <span class='ocrx_word' id='word_1_177' title='bbox 515 1568 628 1602; x_wconf 89' lang='lat' dir='ltr'><strong>vitam</strong></span> <span class='ocrx_word' id='word_1_178' title='bbox 642 1566 882 1601; x_wconf 86' lang='lat' dir='ltr'><strong>monumentis</strong></span> <span class='ocrx_word' id='word_1_179' title='bbox 900 1566 1007 1611; x_wconf 89' lang='lat' dir='ltr'><strong>primi</strong></span> <span class='ocrx_word' id='word_1_180' title='bbox 1026 1566 1233 1601; x_wconf 87' lang='lat' dir='ltr'><strong>commisere</strong></span> <span class='ocrx_word' id='word_1_181' title='bbox 1250 1566 1378 1601; x_wconf 84' lang='lat' dir='ltr'><strong>fratres</strong></span> <span class='ocrx_word' id='word_1_182' title='bbox 1393 1566 1719 1607; x_wconf 82' lang='lat' dir='ltr'><strong>Lindisfarnenses,</strong></span> 
     </span>
     <span class='ocr_line' id='line_1_22' title="bbox 326 1622 1719 1669; baseline -0.002 -8"><span class='ocrx_word' id='word_1_183' title='bbox 326 1630 367 1660; x_wconf 84' lang='lat' dir='ltr'><strong>ut</strong></span> <span class='ocrx_word' id='word_1_184' title='bbox 386 1630 511 1660; x_wconf 88' lang='lat' dir='ltr'><strong>auctor</strong></span> <span class='ocrx_word' id='word_1_185' title='bbox 527 1629 582 1659; x_wconf 87' lang='lat' dir='ltr'><strong>est</strong></span> <span class='ocrx_word' id='word_1_186' title='bbox 600 1624 700 1659; x_wconf 89' lang='lat' dir='ltr'><strong>Beda</strong></span> <span class='ocrx_word' id='word_1_187' title='bbox 716 1624 880 1658; x_wconf 91' lang='lat' dir='ltr'><strong>Historia</strong></span> <span class='ocrx_word' id='word_1_188' title='bbox 902 1623 1028 1658; x_wconf 87' lang='lat' dir='ltr'><strong>Gentis</strong></span> <span class='ocrx_word' id='word_1_189' title='bbox 1049 1622 1251 1669; x_wconf 87' lang='lat' dir='ltr'><strong>Anglorum</strong></span> <span class='ocrx_word' id='word_1_190' title='bbox 1267 1634 1277 1664; x_wconf 90' lang='grc'><strong>;</strong></span> <span class='ocrx_word' id='word_1_191' title='bbox 1305 1624 1432 1658; x_wconf 90' lang='lat' dir='ltr'><strong>deinde</strong></span> <span class='ocrx_word' id='word_1_192' title='bbox 1446 1624 1521 1668; x_wconf 89' lang='lat' dir='ltr'><strong>ipse</strong></span> <span class='ocrx_word' id='word_1_193' title='bbox 1535 1624 1635 1658; x_wconf 83' lang='lat' dir='ltr'><strong>Beda</strong></span> <span class='ocrx_word' id='word_1_194' title='bbox 1648 1626 1719 1669; x_wconf 92' lang='lat' dir='ltr'><strong>pri-</strong></span> 
     </span>
     <span class='ocr_line' id='line_1_23' title="bbox 327 1681 1721 1726; baseline -0.001 -9"><span class='ocrx_word' id='word_1_195' title='bbox 327 1694 426 1717; x_wconf 89' lang='lat' dir='ltr'><strong>mum</strong></span> <span class='ocrx_word' id='word_1_196' title='bbox 444 1694 551 1717; x_wconf 87' lang='lat' dir='ltr'><strong>versu</strong></span> <span class='ocrx_word' id='word_1_197' title='bbox 569 1691 683 1717; x_wconf 72' lang='lat' dir='ltr'><strong>XLVI.</strong></span> <span class='ocrx_word' id='word_1_198' title='bbox 702 1681 890 1725; x_wconf 86' lang='lat' dir='ltr'><strong>capitibus,</strong></span> <span class='ocrx_word' id='word_1_199' title='bbox 908 1681 1036 1715; x_wconf 91' lang='lat' dir='ltr'><strong>deinde</strong></span> <span class='ocrx_word' id='word_1_200' title='bbox 1052 1692 1159 1725; x_wconf 87' lang='lat' dir='ltr'><strong>prosa</strong></span> <span class='ocrx_word' id='word_1_201' title='bbox 1176 1691 1240 1715; x_wconf 91' lang='lat' dir='ltr'><strong>seu</strong></span> <span class='ocrx_word' id='word_1_202' title='bbox 1257 1681 1374 1715; x_wconf 86' lang='lat' dir='ltr'><strong>soluta</strong></span> <span class='ocrx_word' id='word_1_203' title='bbox 1392 1684 1561 1722; x_wconf 90' lang='lat' dir='ltr'><strong>oratione,</strong></span> <span class='ocrx_word' id='word_1_204' title='bbox 1588 1688 1628 1716; x_wconf 86' lang='lat' dir='ltr'><strong>ut</strong></span> <span class='ocrx_word' id='word_1_205' title='bbox 1646 1684 1721 1726; x_wconf 81' lang='lat' dir='ltr'><strong>ipse</strong></span> 
     </span>
     <span class='ocr_line' id='line_1_24' title="bbox 328 1737 1717 1783; baseline -0.002 -8"><span class='ocrx_word' id='word_1_206' title='bbox 328 1741 477 1775; x_wconf 88' lang='lat' dir='ltr'><strong>tradidit</strong></span> <span class='ocrx_word' id='word_1_207' title='bbox 494 1741 555 1775; x_wconf 89' lang='lat' dir='ltr'><strong>lib.</strong></span> <span class='ocrx_word' id='word_1_208' title='bbox 571 1749 626 1774; x_wconf 87' lang='lat' dir='ltr'><strong>1v.</strong></span> <span class='ocrx_word' id='word_1_209' title='bbox 646 1739 784 1773; x_wconf 90' lang='lat' dir='ltr'><strong>Histor.</strong></span> <span class='ocrx_word' id='word_1_210' title='bbox 804 1738 1007 1772; x_wconf 87' lang='lat' dir='ltr'><strong>Ecclesiast.</strong></span> <span class='ocrx_word' id='word_1_211' title='bbox 1022 1737 1128 1772; x_wconf 88' lang='lat' dir='ltr'><strong>Gent.</strong></span> <span class='ocrx_word' id='word_1_212' title='bbox 1147 1737 1299 1783; x_wconf 89' lang='lat' dir='ltr'><strong>Anglor.</strong></span> <span class='ocrx_word' id='word_1_213' title='bbox 1318 1749 1394 1782; x_wconf 87' lang='lat' dir='ltr'><strong>cap.</strong></span> <span class='ocrx_word' id='word_1_214' title='bbox 1410 1747 1545 1772; x_wconf 83' lang='lat' dir='ltr'><strong>xxvn.</strong></span> <span class='ocrx_word' id='word_1_215' title='bbox 1566 1748 1717 1772; x_wconf 76' lang='lat' dir='ltr'><strong>xxvnr.</strong></span> 
     </span>
     <span class='ocr_line' id='line_1_25' title="bbox 330 1794 1720 1832; baseline -0.001 0"><span class='ocrx_word' id='word_1_216' title='bbox 330 1806 449 1832; x_wconf 82' lang='lat' dir='ltr'><strong>XXIX.</strong></span> <span class='ocrx_word' id='word_1_217' title='bbox 484 1797 660 1831; x_wconf 88' lang='lat' dir='ltr'><strong>Videatur</strong></span> <span class='ocrx_word' id='word_1_218' title='bbox 678 1797 771 1830; x_wconf 89' lang='lat' dir='ltr'><strong>idem</strong></span> <span class='ocrx_word' id='word_1_219' title='bbox 791 1795 891 1829; x_wconf 89' lang='lat' dir='ltr'><strong>Beda</strong></span> <span class='ocrx_word' id='word_1_220' title='bbox 901 1796 939 1829; x_wconf 92' lang='lat' dir='ltr'><strong>in</strong></span> <span class='ocrx_word' id='word_1_221' title='bbox 956 1795 1025 1828; x_wconf 91' lang='lat' dir='ltr'><strong>fine</strong></span> <span class='ocrx_word' id='word_1_222' title='bbox 1043 1794 1247 1829; x_wconf 88' lang='lat' dir='ltr'><strong>Ecclesiast.</strong></span> <span class='ocrx_word' id='word_1_223' title='bbox 1269 1794 1407 1829; x_wconf 90' lang='lat' dir='ltr'><strong>Histor.</strong></span> <span class='ocrx_word' id='word_1_224' title='bbox 1451 1795 1551 1830; x_wconf 89' lang='lat' dir='ltr'><strong>Haec</strong></span> <span class='ocrx_word' id='word_1_225' title='bbox 1568 1797 1644 1830; x_wconf 87' lang='lat' dir='ltr'><strong>vita</strong></span> <span class='ocrx_word' id='word_1_226' title='bbox 1662 1808 1720 1830; x_wconf 87' lang='lat' dir='ltr'><strong>ex-</strong></span> 
     </span>
     <span class='ocr_line' id='line_1_26' title="bbox 328 1851 1618 1899; baseline -0.002 -10"><span class='ocrx_word' id='word_1_227' title='bbox 328 1859 380 1889; x_wconf 89' lang='lat' dir='ltr'><strong>tat</strong></span> <span class='ocrx_word' id='word_1_228' title='bbox 399 1855 495 1899; x_wconf 86' lang='lat' dir='ltr'><strong>apud</strong></span> <span class='ocrx_word' id='word_1_229' title='bbox 514 1854 651 1888; x_wconf 88' lang='lat' dir='ltr'><strong>Bedam</strong></span> <span class='ocrx_word' id='word_1_230' title='bbox 669 1858 766 1887; x_wconf 92' lang='lat' dir='ltr'><strong>tomo</strong></span> <span class='ocrx_word' id='word_1_231' title='bbox 787 1862 845 1886; x_wconf 88' lang='lat'><strong>111.</strong></span> <span class='ocrx_word' id='word_1_232' title='bbox 865 1857 900 1886; x_wconf 88' lang='lat' dir='ltr'><strong>et</strong></span> <span class='ocrx_word' id='word_1_233' title='bbox 918 1851 1064 1885; x_wconf 90' lang='lat' dir='ltr'><strong>Surium</strong></span> <span class='ocrx_word' id='word_1_234' title='bbox 1083 1857 1179 1886; x_wconf 90' lang='lat' dir='ltr'><strong>tomo</strong></span> <span class='ocrx_word' id='word_1_235' title='bbox 1199 1861 1242 1885; x_wconf 92' lang='lat'><strong>11.</strong></span> <span class='ocrx_word' id='word_1_236' title='bbox 1262 1853 1326 1896; x_wconf 91' lang='lat' dir='ltr'><strong>qui</strong></span> <span class='ocrx_word' id='word_1_237' title='bbox 1344 1853 1497 1896; x_wconf 89' lang='lat' dir='ltr'><strong>patriam</strong></span> <span class='ocrx_word' id='word_1_238' title='bbox 1517 1858 1618 1888; x_wconf 84' lang='lat' dir='ltr'><strong>tacet.</strong></span> 
     </span>
    </p>

    <p class='ocr_par' dir='ltr' id='par_1_7' title="bbox 328 1909 1718 2473">
     <span class='ocr_line' id='line_1_27' title="bbox 376 1909 1718 1955; baseline -0.001 -10"><span class='ocrx_word' id='word_1_239' title='bbox 376 1911 520 1951; x_wconf 84' lang='lat' dir='ltr'><strong>Quanta</strong></span> <span class='ocrx_word' id='word_1_240' title='bbox 538 1912 632 1955; x_wconf 88' lang='lat' dir='ltr'><strong>apud</strong></span> <span class='ocrx_word' id='word_1_241' title='bbox 650 1915 838 1948; x_wconf 89' lang='lat' dir='ltr'><strong>nostrates,</strong></span> <span class='ocrx_word' id='word_1_242' title='bbox 856 1909 939 1943; x_wconf 90' lang='lat' dir='ltr'><strong>dum</strong></span> <span class='ocrx_word' id='word_1_243' title='bbox 960 1909 1073 1953; x_wconf 89' lang='lat' dir='ltr'><strong>pietas</strong></span> <span class='ocrx_word' id='word_1_244' title='bbox 1091 1910 1239 1955; x_wconf 88' lang='lat' dir='ltr'><strong>vigeret,</strong></span> <span class='ocrx_word' id='word_1_245' title='bbox 1254 1909 1331 1954; x_wconf 89' lang='lat' dir='ltr'><strong>ejus</strong></span> <span class='ocrx_word' id='word_1_246' title='bbox 1345 1909 1545 1944; x_wconf 85' lang='lat' dir='ltr'><strong>observatio</strong></span> <span class='ocrx_word' id='word_1_247' title='bbox 1558 1916 1661 1950; x_wconf 85' lang='lat' dir='ltr'><strong>esset,</strong></span> <span class='ocrx_word' id='word_1_248' title='bbox 1676 1923 1718 1945; x_wconf 86' lang='lat' dir='ltr'><strong>ex</strong></span> 
     </span>
     <span class='ocr_line' id='line_1_28' title="bbox 329 1966 1718 2011; baseline -0.001 -8"><span class='ocrx_word' id='word_1_249' title='bbox 329 1980 448 2003; x_wconf 89' lang='lat' dir='ltr'><strong>rerum</strong></span> <span class='ocrx_word' id='word_1_250' title='bbox 467 1973 671 2003; x_wconf 88' lang='lat' dir='ltr'><strong>nostrarum</strong></span> <span class='ocrx_word' id='word_1_251' title='bbox 696 1968 844 2002; x_wconf 86' lang='lat' dir='ltr'><strong>lectione</strong></span> <span class='ocrx_word' id='word_1_252' title='bbox 870 1967 1009 2001; x_wconf 91' lang='lat' dir='ltr'><strong>abunde</strong></span> <span class='ocrx_word' id='word_1_253' title='bbox 1035 1967 1157 2011; x_wconf 88' lang='lat' dir='ltr'><strong>liquet.</strong></span> <span class='ocrx_word' id='word_1_254' title='bbox 1212 1966 1307 2000; x_wconf 91' lang='lat' dir='ltr'><strong>Nam</strong></span> <span class='ocrx_word' id='word_1_255' title='bbox 1326 1972 1362 2000; x_wconf 85' lang='lat' dir='ltr'><strong>et</strong></span> <span class='ocrx_word' id='word_1_256' title='bbox 1380 1971 1401 1986; x_wconf 94' lang='lat'><strong>“</strong></span> <span class='ocrx_word' id='word_1_257' title='bbox 1420 1966 1456 2000; x_wconf 94' lang='lat' dir='ltr'>N</span> <span class='ocrx_word' id='word_1_258' title='bbox 1458 1968 1718 2002; x_wconf 86' lang='lat' dir='ltr'><strong>orthumbriam</strong></span> 
     </span>
     <span class='ocr_line' id='line_1_29' title="bbox 329 2023 1716 2070; baseline -0.001 -10"><span class='ocrx_word' id='word_1_259' title='bbox 329 2039 349 2060; x_wconf 79' lang='lat' dir='ltr'><strong>a</strong></span> <span class='ocrx_word' id='word_1_260' title='bbox 363 2027 549 2061; x_wconf 89' lang='lat' dir='ltr'><strong>Pictorum</strong></span> <span class='ocrx_word' id='word_1_261' title='bbox 563 2026 671 2066; x_wconf 87' lang='lat' dir='ltr'><strong>rabie,</strong></span> <span class='ocrx_word' id='word_1_262' title='bbox 686 2025 848 2070; x_wconf 83' lang='lat' dir='ltr'><strong>precibus</strong></span> <span class='ocrx_word' id='word_1_263' title='bbox 860 2024 946 2064; x_wconf 91' lang='lat' dir='ltr'><strong>suis,</strong></span> <span class='ocrx_word' id='word_1_264' title='bbox 962 2029 1078 2059; x_wconf 87' lang='lat' dir='ltr'><strong>tutam</strong></span> <span class='ocrx_word' id='word_1_265' title='bbox 1097 2024 1244 2064; x_wconf 88' lang='lat' dir='ltr'><strong>reddit,&#39;&#39;</strong></span> <span class='ocrx_word' id='word_1_266' title='bbox 1264 2023 1311 2058; x_wconf 91' lang='lat' dir='ltr'><strong>H.</strong></span> <span class='ocrx_word' id='word_1_267' title='bbox 1326 2024 1454 2058; x_wconf 86' lang='lat' dir='ltr'><strong>Boeth.</strong></span> <span class='ocrx_word' id='word_1_268' title='bbox 1469 2025 1530 2058; x_wconf 88' lang='lat' dir='ltr'><strong>lib.</strong></span> <span class='ocrx_word' id='word_1_269' title='bbox 1547 2034 1603 2058; x_wconf 81' lang='lat' dir='ltr'><strong>IX.</strong></span> <span class='ocrx_word' id='word_1_270' title='bbox 1621 2025 1716 2059; x_wconf 85' lang='lat' dir='ltr'><strong>Hist.</strong></span> 
     </span>
     <span class='ocr_line' id='line_1_30' title="bbox 328 2080 1718 2130; baseline -0.001 -12"><span class='ocrx_word' id='word_1_271' title='bbox 328 2085 421 2119; x_wconf 89' lang='lat' dir='ltr'><strong>Scot.</strong></span> <span class='ocrx_word' id='word_1_272' title='bbox 449 2095 530 2130; x_wconf 91' lang='lat' dir='ltr'><strong>pag.</strong></span> <span class='ocrx_word' id='word_1_273' title='bbox 554 2092 729 2117; x_wconf 82' lang='lat' dir='ltr'><strong>CLXX1X.</strong></span> <span class='ocrx_word' id='word_1_274' title='bbox 759 2087 794 2116; x_wconf 86' lang='lat' dir='ltr'><strong>et</strong></span> <span class='ocrx_word' id='word_1_275' title='bbox 820 2082 887 2116; x_wconf 88' lang='lat' dir='ltr'><strong>sub</strong></span> <span class='ocrx_word' id='word_1_276' title='bbox 918 2081 995 2127; x_wconf 84' lang='lat' dir='ltr'><strong>ejus</strong></span> <span class='ocrx_word' id='word_1_277' title='bbox 1022 2081 1152 2115; x_wconf 85' lang='lat' dir='ltr'><strong>vexillo</strong></span> <span class='ocrx_word' id='word_1_278' title='bbox 1187 2080 1355 2127; x_wconf 88' lang='lat' dir='ltr'><strong>Edgarus</strong></span> <span class='ocrx_word' id='word_1_279' title='bbox 1383 2093 1446 2115; x_wconf 90' lang='lat' dir='ltr'><strong>rex</strong></span> <span class='ocrx_word' id='word_1_280' title='bbox 1474 2082 1611 2116; x_wconf 84' lang='lat' dir='ltr'><strong>hostem</strong></span> <span class='ocrx_word' id='word_1_281' title='bbox 1639 2094 1718 2127; x_wconf 82' lang='lat' dir='ltr'><strong>pro·</strong></span> 
     </span>
     <span class='ocr_line' id='line_1_31' title="bbox 328 2138 1718 2188; baseline -0.001 -13"><span class='ocrx_word' id='word_1_282' title='bbox 328 2141 480 2188; x_wconf 87' lang='lat' dir='ltr'><strong>ssigavit‚</strong></span> <span class='ocrx_word' id='word_1_283' title='bbox 522 2141 561 2174; x_wconf 93' lang='lat' dir='ltr'><strong>in</strong></span> <span class='ocrx_word' id='word_1_284' title='bbox 601 2141 703 2186; x_wconf 86' lang='lat' dir='ltr'><strong>cujus</strong></span> <span class='ocrx_word' id='word_1_285' title='bbox 738 2140 907 2173; x_wconf 89' lang='lat' dir='ltr'><strong>victoriae</strong></span> <span class='ocrx_word' id='word_1_286' title='bbox 942 2138 1236 2184; x_wconf 88' lang='lat' dir='ltr'><strong>significationem</strong></span> <span class='ocrx_word' id='word_1_287' title='bbox 1279 2139 1394 2172; x_wconf 88' lang='lat' dir='ltr'><strong>multa</strong></span> <span class='ocrx_word' id='word_1_288' title='bbox 1436 2139 1467 2173; x_wconf 92' lang='lat' dir='ltr'><strong>ei</strong></span> <span class='ocrx_word' id='word_1_289' title='bbox 1503 2139 1649 2173; x_wconf 85' lang='lat' dir='ltr'><strong>donaria</strong></span> <span class='ocrx_word' id='word_1_290' title='bbox 1684 2145 1718 2174; x_wconf 89' lang='lat' dir='ltr'><strong>et</strong></span> 
     </span>
     <span class='ocr_line' id='line_1_32' title="bbox 328 2195 1716 2242; baseline -0.002 -9"><span class='ocrx_word' id='word_1_291' title='bbox 328 2199 557 2233; x_wconf 87' lang='lat' dir='ltr'><strong>anathemata</strong></span> <span class='ocrx_word' id='word_1_292' title='bbox 582 2198 676 2232; x_wconf 89' lang='lat' dir='ltr'><strong>idem</strong></span> <span class='ocrx_word' id='word_1_293' title='bbox 705 2208 768 2231; x_wconf 82' lang='lat' dir='ltr'><strong>rex</strong></span> <span class='ocrx_word' id='word_1_294' title='bbox 793 2197 957 2242; x_wconf 86' lang='lat' dir='ltr'><strong>religiose</strong></span> <span class='ocrx_word' id='word_1_295' title='bbox 979 2196 1120 2230; x_wconf 91' lang='lat' dir='ltr'><strong>obtulit.</strong></span> <span class='ocrx_word' id='word_1_296' title='bbox 1165 2195 1264 2230; x_wconf 88' lang='lat' dir='ltr'><strong>Idem</strong></span> <span class='ocrx_word' id='word_1_297' title='bbox 1288 2196 1350 2230; x_wconf 90' lang='lat' dir='ltr'><strong>lib.</strong></span> <span class='ocrx_word' id='word_1_298' title='bbox 1378 2205 1454 2230; x_wconf 80' lang='grc' dir='ltr'><strong>ΧΠ.</strong></span> <span class='ocrx_word' id='word_1_299' title='bbox 1478 2207 1553 2240; x_wconf 92' lang='lat' dir='ltr'><strong>cap.</strong></span> <span class='ocrx_word' id='word_1_300' title='bbox 1580 2206 1716 2231; x_wconf 85' lang='lat' dir='ltr'><strong>CCLXI.</strong></span> 
     </span>
     <span class='ocr_line' id='line_1_33' title="bbox 328 2254 1717 2299; baseline -0.001 -9"><span class='ocrx_word' id='word_1_301' title='bbox 328 2265 483 2290; x_wconf 82' lang='lat' dir='ltr'><strong>CCLXH.</strong></span> <span class='ocrx_word' id='word_1_302' title='bbox 515 2255 566 2289; x_wconf 90' lang='lat' dir='ltr'><strong>Et</strong></span> <span class='ocrx_word' id='word_1_303' title='bbox 583 2266 664 2289; x_wconf 87' lang='lat' dir='ltr'><strong>cum</strong></span> <span class='ocrx_word' id='word_1_304' title='bbox 691 2259 712 2274; x_wconf 87' lang='lat'><strong><em>“</em></strong></span> <span class='ocrx_word' id='word_1_305' title='bbox 730 2254 905 2288; x_wconf 90' lang='lat' dir='ltr'><strong>Davidem</strong></span> <span class='ocrx_word' id='word_1_306' title='bbox 933 2264 1052 2299; x_wconf 89' lang='lat' dir='ltr'><strong>regem</strong></span> <span class='ocrx_word' id='word_1_307' title='bbox 1069 2264 1133 2298; x_wconf 91' lang='lat' dir='ltr'><strong>per</strong></span> <span class='ocrx_word' id='word_1_308' title='bbox 1150 2254 1328 2287; x_wconf 91' lang='lat' dir='ltr'><strong>somnium</strong></span> <span class='ocrx_word' id='word_1_309' title='bbox 1346 2254 1554 2288; x_wconf 88' lang='lat' dir='ltr'><strong>admoneret</strong></span> <span class='ocrx_word' id='word_1_310' title='bbox 1577 2255 1717 2299; x_wconf 90' lang='lat' dir='ltr'><strong>incoep-</strong></span> 
     </span>
     <span class='ocr_line' id='line_1_34' title="bbox 329 2311 1717 2356; baseline -0.001 -9"><span class='ocrx_word' id='word_1_311' title='bbox 329 2319 366 2347; x_wconf 88' lang='lat' dir='ltr'><strong>to</strong></span> <span class='ocrx_word' id='word_1_312' title='bbox 393 2319 433 2347; x_wconf 82' lang='lat' dir='ltr'><strong>ut</strong></span> <span class='ocrx_word' id='word_1_313' title='bbox 459 2313 665 2352; x_wconf 89' lang='lat' dir='ltr'><strong>abstineret,</strong></span> <span class='ocrx_word' id='word_1_314' title='bbox 690 2323 754 2346; x_wconf 87' lang='lat' dir='ltr'><strong>nec</strong></span> <span class='ocrx_word' id='word_1_315' title='bbox 778 2311 836 2344; x_wconf 90' lang='lat' dir='ltr'><strong>ille</strong></span> <span class='ocrx_word' id='word_1_316' title='bbox 862 2322 997 2345; x_wconf 86' lang='lat' dir='ltr'><strong>morem</strong></span> <span class='ocrx_word' id='word_1_317' title='bbox 1023 2316 1172 2356; x_wconf 88' lang='lat' dir='ltr'><strong>gereret,</strong></span> <span class='ocrx_word' id='word_1_318' title='bbox 1198 2315 1323 2355; x_wconf 90' lang='lat' dir='ltr'><strong>captus</strong></span> <span class='ocrx_word' id='word_1_319' title='bbox 1349 2315 1402 2345; x_wconf 91' lang='lat' dir='ltr'><strong>est</strong></span> <span class='ocrx_word' id='word_1_320' title='bbox 1426 2311 1464 2344; x_wconf 91' lang='lat' dir='ltr'><strong>in</strong></span> <span class='ocrx_word' id='word_1_321' title='bbox 1490 2312 1574 2352; x_wconf 89' lang='lat' dir='ltr'><strong>acie,</strong></span> <span class='ocrx_word' id='word_1_322' title='bbox 1602 2313 1717 2346; x_wconf 88' lang='lat' dir='ltr'><strong>omni-</strong></span> 
     </span>
     <span class='ocr_line' id='line_1_35' title="bbox 328 2368 1718 2415; baseline -0.001 -11"><span class='ocrx_word' id='word_1_323' title='bbox 328 2372 393 2405; x_wconf 87' lang='lat' dir='ltr'><strong>bus</strong></span> <span class='ocrx_word' id='word_1_324' title='bbox 422 2371 506 2411; x_wconf 90' lang='lat' dir='ltr'><strong>suis,</strong></span> <span class='ocrx_word' id='word_1_325' title='bbox 540 2370 602 2415; x_wconf 90' lang='lat' dir='ltr'><strong>qui</strong></span> <span class='ocrx_word' id='word_1_326' title='bbox 629 2369 777 2415; x_wconf 89' lang='lat' dir='ltr'><strong>plurimi</strong></span> <span class='ocrx_word' id='word_1_327' title='bbox 807 2373 918 2409; x_wconf 85' lang='lat' dir='ltr'><strong>erant,</strong></span> <span class='ocrx_word' id='word_1_328' title='bbox 947 2373 1010 2402; x_wconf 88' lang='lat' dir='ltr'><strong>aut</strong></span> <span class='ocrx_word' id='word_1_329' title='bbox 1037 2369 1075 2402; x_wconf 91' lang='lat' dir='ltr'><strong>in</strong></span> <span class='ocrx_word' id='word_1_330' title='bbox 1103 2368 1227 2415; x_wconf 87' lang='lat' dir='ltr'><strong>fugam</strong></span> <span class='ocrx_word' id='word_1_331' title='bbox 1255 2369 1378 2409; x_wconf 89' lang='lat' dir='ltr'><strong>versis,</strong></span> <span class='ocrx_word' id='word_1_332' title='bbox 1408 2373 1471 2403; x_wconf 88' lang='lat' dir='ltr'><strong>aut</strong></span> <span class='ocrx_word' id='word_1_333' title='bbox 1501 2370 1623 2413; x_wconf 86' lang='lat' dir='ltr'><strong>captis,</strong></span> <span class='ocrx_word' id='word_1_334' title='bbox 1656 2375 1718 2403; x_wconf 86' lang='lat' dir='ltr'><strong>aut</strong></span> 
     </span>
     <span class='ocr_line' id='line_1_36' title="bbox 329 2425 1717 2473; baseline -0.001 -11"><span class='ocrx_word' id='word_1_335' title='bbox 329 2428 470 2463; x_wconf 82' lang='lat' dir='ltr'><strong>caesis.&#39;’</strong></span> <span class='ocrx_word' id='word_1_336' title='bbox 521 2427 620 2462; x_wconf 89' lang='lat' dir='ltr'><strong>Idem</strong></span> <span class='ocrx_word' id='word_1_337' title='bbox 639 2427 767 2462; x_wconf 91' lang='lat' dir='ltr'><strong>Boeth.</strong></span> <span class='ocrx_word' id='word_1_338' title='bbox 794 2426 856 2460; x_wconf 93' lang='lat' dir='ltr'><strong>lib.</strong></span> <span class='ocrx_word' id='word_1_339' title='bbox 875 2434 945 2460; x_wconf 84' lang='lat' dir='ltr'><strong>XV.</strong></span> <span class='ocrx_word' id='word_1_340' title='bbox 965 2425 1068 2461; x_wconf 68' lang='lat' dir='ltr'><strong>Hist.</strong></span> <span class='ocrx_word' id='word_1_341' title='bbox 1082 2425 1175 2461; x_wconf 90' lang='lat' dir='ltr'><strong>Scot.</strong></span> <span class='ocrx_word' id='word_1_342' title='bbox 1194 2437 1276 2472; x_wconf 84' lang='lat' dir='ltr'><strong>pag.</strong></span> <span class='ocrx_word' id='word_1_343' title='bbox 1296 2435 1473 2460; x_wconf 79' lang='lat' dir='ltr'><strong>cccxxv,</strong></span> <span class='ocrx_word' id='word_1_344' title='bbox 1503 2426 1622 2461; x_wconf 85' lang='lat' dir='ltr'><strong>Multa</strong></span> <span class='ocrx_word' id='word_1_345' title='bbox 1641 2428 1717 2473; x_wconf 87' lang='lat' dir='ltr'><strong>ejus</strong></span> 
     </span>
    </p>
   </div>
  </div>
 </body>
</html>
