2032 2912
330 317 350 342 8
701 307 928 341 HISTORIA
952 303 1321 338 ECCLESIASTICA

480 404 667 440 Cantiones
684 401 875 436 saxonicae
1259 396 1320 430 lib.
1341 404 1366 429 I.

479 461 615 506 Hymni
1260 454 1321 488 lib.
1341 462 1366 486 1.

475 519 573 553 Odae
1258 510 1319 544 lib.
1339 519 1364 543 1.

475 575 642 609 Carmina
659 573 758 608 varia
1259 567 1319 601 lib.
1339 576 1364 601 1.

381 633 478 667 Haec
495 636 530 666 et
547 630 722 665 Trithem.
741 633 934 668 enumerat,
953 633 988 662 et
1005 627 1176 661 nonnulla
1199 624 1312 658 Henr.
1337 623 1514 664 Canisius‚
1539 624 1596 657 vir
1619 623 1711 657 bono

330 691 379 725 rei
397 689 571 724 literariae
587 693 703 728 natus,
721 686 857 731 pridem
875 684 1090 730 publicavit:
1107 686 1288 728 praeterea
1301 692 1322 715 a
1335 680 1381 715 R.
1397 680 1439 715 P.
1455 681 1615 715 Martino
1628 680 1713 714 Del-

329 748 382 782 rio
398 745 604 791 prodierunt

475 801 715 847 Aenigmaton
745 810 868 834 versus
896 798 1002 832 mille.
1054 796 1102 831 Ei
1129 797 1235 831 etiam
1262 796 1444 831 ascribunt
1471 796 1578 835 docti,
1609 800 1645 829 et
1674 795 1711 827 in

523 858 579 892 his
600 857 704 892 Joan.
723 856 888 895 Chokier,
912 855 972 889 lib.
1001 863 1061 888 111.
1085 854 1191 888 Polit.
1215 864 1290 898 cap.
1317 862 1423 887 XVII.
1450 852 1615 887 Disticha
1640 863 1713 886 mo-

524 915 612 949 ralia
629 914 689 948 lib.
709 923 735 947 1.
752 924 842 957 quae
859 916 996 947 constat
1013 922 1088 946 esse
1104 911 1239 946 Valerii
1257 910 1415 945 Catonis.

377 972 542 1007 Florebat
559 982 651 1005 anno
669 978 834 1004 DCXCIV.
853 974 894 1003 ut
911 970 990 1003 vult
1008 968 1180 1013 Sigebert.
1201 976 1386 1002 DcLXXX.
1406 968 1463 1001 vel
1481 975 1572 1001 Dec.
1612 966 1712 1000 Obiit

328 1041 410 1064 vero
435 1039 527 1063 anno
553 1036 704 1062 DCCVII.
736 1031 771 1061 et
802 1025 863 1060 SS.
896 1026 975 1060 albo
1004 1025 1060 1059 die
1091 1034 1189 1059 xxv.
1223 1025 1313 1059 Maii
1344 1024 1540 1069 ascriptum
1571 1023 1713 1068 Marty-

327 1088 436 1131 rolog.
455 1085 656 1119 Romanum
678 1083 810 1118 recolit.
862 1082 1060 1117 Cardinalis
1087 1082 1217 1116 Caesar
1243 1081 1421 1116 Baronius
1447 1085 1534 1116 tom.
1559 1090 1649 1114 V111.
1677 1086 1713 1114 et

328 1152 382 1177 IX.
400 1142 531 1176 Annal.
582 1141 704 1176 Vitam
722 1140 813 1175 tanti
831 1140 1001 1174 antistitis
1025 1140 1187 1174 certatim
1206 1139 1425 1184 scripserunt
1443 1138 1625 1185 Eguinus‚
1650 1149 1713 1172 seu

325 1199 520 1245 Eugenius,
538 1198 744 1244 Wigorniae
761 1198 957 1242 episcopus,
975 1201 1010 1231 et
1028 1196 1063 1231 S.
1083 1196 1290 1230 Osmundus
1308 1195 1513 1236 Neustrius,
1541 1196 1604 1240 qui
1622 1195 1712 1229 obiit

325 1267 417 1290 anno
444 1264 592 1290 MXCIX.
623 1259 659 1289 et
688 1255 846 1289 Faritius
877 1253 1028 1294 Tuscus,
1059 1257 1095 1287 et
1125 1253 1337 1288 Guilielmus
1369 1252 1711 1287 Malmesburiensis.

327 1313 465 1347 Obiisse
498 1323 578 1346 eum
612 1312 703 1346 diem
738 1322 844 1346 suum
877 1311 957 1344 vult
991 1310 1169 1344 Baronius
1204 1310 1248 1344 ad
1283 1309 1583 1356 Martyrologium
1619 1320 1712 1343 anno

328 1378 495 1403 Dccxlx.
534 1368 586 1403 Et
600 1379 683 1403 sane
696 1368 863 1413 quicquid
875 1367 1011 1401 laudati
1024 1372 1184 1402 auctores
1198 1366 1415 1413 Sigebertus,
1430 1366 1586 1406 Lectius,
1601 1371 1636 1400 et
1650 1366 1711 1399 alii

326 1427 491 1466 sentiant,
517 1437 582 1472 ego
606 1426 720 1472 magis
746 1425 894 1460 inducor
920 1429 961 1458 ut
986 1423 1147 1470 Anglum
1174 1428 1267 1463 ortu,
1294 1423 1439 1459 Scotum
1465 1434 1550 1458 vero
1568 1428 1709 1458 tantum

327 1483 481 1518 incolatu
500 1483 693 1518 aestimem.

822 1657 858 1691 S.
885 1655 1123 1692 AIDANUS.
1177 1659 1210 1693 7.

328 1777 349 1792 “
367 1771 402 1806 S.
421 1771 611 1805 AIDANUS
629 1769 846 1816 episcopus‚'’
867 1770 985 1815 inquit
1006 1769 1210 1817 Sigebertus
1234 1768 1495 1805 Gemblaccnsis
1513 1770 1558 1803 ad
1576 1781 1709 1804 annum

327 1837 510 1863 DCXXXV.
530 1833 551 1848 “
565 1827 684 1862 Sancti
699 1827 890 1862 Columbae
904 1827 1097 1871 discipulus
1111 1838 1132 1861 a
1145 1826 1263 1861 Scotia
1280 1826 1437 1867 veniens,
1456 1827 1551 1871 apud
1568 1826 1707 1873 Anglos

326 1885 477 1920 clarebat
495 1885 681 1920 sanctitate
698 1889 733 1919 et
751 1883 945 1919 doctrina.''
996 1883 1040 1918 In
1057 1884 1269 1929 quibusdam
1283 1888 1336 1918 est
1349 1883 1481 1924 Aidan,
1499 1896 1708 1930 cognomen-

327 1947 364 1976 to
388 1942 562 1976 Auvinas.
613 1941 780 1976 Oswaldo
806 1940 1146 1975 Northumbriorum
1173 1941 1260 1987 regi,
1286 1941 1382 1975 viros
1406 1946 1546 1975 sanctos
1563 1942 1608 1975 ad
1625 1953 1709 1988 gen-

326 2000 371 2032 tis
409 2010 491 2033 suae
528 1998 789 2033 institutionem
825 2009 848 2032 a
884 2009 966 2044 rege
1004 1997 1142 2032 Scotiae
1179 1998 1343 2032 Donaldo
1381 2009 1445 2043 per
1480 1998 1615 2044 legatos
1650 2010 1709 2043 pe-

326 2056 425 2095 tenti,
452 2055 489 2089 in
514 2055 684 2101 Angliam
710 2055 839 2089 missus
865 2059 929 2094 est,
960 2059 1002 2089 ut
1031 2060 1179 2090 narrant
1209 2054 1313 2090 Hect.
1341 2055 1514 2090 Boethius
1540 2055 1620 2090 libr.
1650 2066 1706 2090 IX.

327 2124 404 2158 pag.
429 2121 599 2148 CLXXIV.
632 2112 760 2147 Franc.
787 2111 982 2147 Godwinus
1008 2112 1047 2146 in
1073 2112 1300 2147 Praesulibus
1331 2111 1484 2158 Angliae
1511 2124 1592 2158 pag.
1623 2123 1705 2148 XCI.

326 2181 370 2203 ex
399 2170 497 2205 Beda
524 2170 584 2205 lib.
613 2178 674 2204 111.
701 2169 799 2204 Hist.
829 2169 925 2215 Ang.
957 2180 1032 2214 cap.
1061 2179 1121 2203 111.
1149 2179 1186 2204 V.
1214 2179 1300 2204 XIV.
1328 2178 1413 2205 XVI.
1442 2179 1544 2205 XVII.
1576 2171 1706 2206 Petrus

328 2227 387 2261 lib.
414 2235 484 2261 V11.
514 2226 674 2273 Catalogi
700 2238 775 2272 cap.
804 2236 927 2261 XXIII.
954 2226 1155 2261 Adrianum
1182 2228 1274 2261 male
1302 2231 1415 2262 vocat.
1469 2227 1638 2263 Camden.
1668 2229 1705 2263 in

329 2283 606 2318 Northumbria:
624 2289 645 2304 “
658 2283 840 2319 Aidanum
858 2284 1001 2319 Scotum
1021 2284 1065 2318 ad
1083 2295 1164 2318 suos
1183 2284 1387 2319 Christiana
1403 2285 1574 2331 religione
1591 2286 1704 2320 imbu-

328 2341 434 2375 endos
452 2341 609 2375 evocavit
621 2340 652 2375 :‘'
677 2342 845 2386 superbe3
872 2342 944 2376 imo
961 2341 1086 2388 legatis
1105 2343 1221 2376 missis
1239 2343 1366 2377 oravit.
1387 2342 1527 2377 Rursus
1545 2343 1583 2376 in
1601 2342 1704 2377 Insu-

328 2399 390 2432 lis:
418 2403 439 2419 ‘⁶
457 2398 499 2433 In
517 2397 740 2433 Lindisfarne
757 2398 934 2434 Aidanius
952 2398 1077 2434 Scotus
1096 2400 1213 2434 sedem
1231 2400 1462 2445 episcopalem
1486 2400 1704 2435 constituit.’'
