<?xml version="1.0" encoding="UTF-8"?>
<!DOCTYPE html PUBLIC "-//W3C//DTD XHTML 1.0 Transitional//EN"
    "http://www.w3.org/TR/xhtml1/DTD/xhtml1-transitional.dtd">
<html xmlns="http://www.w3.org/1999/xhtml" xml:lang="en" lang="en">
 <head>
  <title>
</title>
<meta http-equiv="Content-Type" content="text/html;charset=utf-8" />
  <meta name='ocr-system' content='tesseract 3.04.00' />
  <meta name='ocr-capabilities' content='ocr_page ocr_carea ocr_par ocr_line ocrx_word'/>
</head>
<body>
  <div class='ocr_page' id='page_1' title='image "./thomaedempste2101dempuoft_0080.png"; bbox 0 0 2032 2912; ppageno 0'>
   <div class='ocr_carea' id='block_1_1' title="bbox 377 292 1373 338">
    <p class='ocr_par' dir='ltr' id='par_1_1' title="bbox 377 292 1373 338">
     <span class='ocr_line' id='line_1_1' title="bbox 377 292 1373 338; baseline -0.014 0"><span class='ocrx_word' id='word_1_1' title='bbox 377 309 417 338; x_wconf 81' lang='lat'><strong>18</strong></span> <span class='ocrx_word' id='word_1_2' title='bbox 750 299 978 333; x_wconf 86' lang='lat' dir='ltr'>HISTORIA</span> <span class='ocrx_word' id='word_1_3' title='bbox 1002 292 1373 328; x_wconf 88' lang='lat' dir='ltr'><strong>ECCLESIASTICA</strong></span> 
     </span>
    </p>
   </div>
   <div class='ocr_carea' id='block_1_2' title="bbox 381 385 1760 1225">
    <p class='ocr_par' dir='ltr' id='par_1_2' title="bbox 381 385 1760 1112">
     <span class='ocr_line' id='line_1_2' title="bbox 381 385 1759 438; baseline -0.012 -4"><span class='ocrx_word' id='word_1_4' title='bbox 381 412 435 434; x_wconf 86' lang='lat' dir='ltr'><strong>me</strong></span> <span class='ocrx_word' id='word_1_5' title='bbox 475 397 737 434; x_wconf 86' lang='lat' dir='ltr'><strong>Chronicarum,</strong></span> <span class='ocrx_word' id='word_1_6' title='bbox 772 394 909 438; x_wconf 86' lang='lat' dir='ltr'>epilogo</span> <span class='ocrx_word' id='word_1_7' title='bbox 948 389 1199 428; x_wconf 86' lang='lat' dir='ltr'><strong>decimotertio,</strong></span> <span class='ocrx_word' id='word_1_8' title='bbox 1234 387 1348 432; x_wconf 86' lang='lat' dir='ltr'><strong>capite</strong></span> <span class='ocrx_word' id='word_1_9' title='bbox 1382 385 1517 419; x_wconf 89' lang='lat' dir='ltr'><strong>decimo</strong></span> <span class='ocrx_word' id='word_1_10' title='bbox 1550 390 1685 425; x_wconf 83' lang='lat' dir='ltr'><strong>octavo,</strong></span> <span class='ocrx_word' id='word_1_11' title='bbox 1723 390 1759 419; x_wconf 83' lang='lat' dir='ltr'><strong>et</strong></span> 
     </span>
     <span class='ocr_line' id='line_1_3' title="bbox 382 441 1759 500; baseline -0.012 -10"><span class='ocrx_word' id='word_1_12' title='bbox 382 457 508 500; x_wconf 85' lang='lat' dir='ltr'><strong>repetit</strong></span> <span class='ocrx_word' id='word_1_13' title='bbox 526 453 680 487; x_wconf 89' lang='lat' dir='ltr'><strong>Ghinius</strong></span> <span class='ocrx_word' id='word_1_14' title='bbox 698 453 753 485; x_wconf 89' lang='lat' dir='ltr'><strong>die</strong></span> <span class='ocrx_word' id='word_1_15' title='bbox 771 452 904 484; x_wconf 86' lang='lat' dir='ltr'><strong>incerto</strong></span> <span class='ocrx_word' id='word_1_16' title='bbox 921 449 960 482; x_wconf 89' lang='lat' dir='ltr'><strong>in</strong></span> <span class='ocrx_word' id='word_1_17' title='bbox 977 447 1097 481; x_wconf 86' lang='lat' dir='ltr'><strong>Natal.</strong></span> <span class='ocrx_word' id='word_1_18' title='bbox 1117 445 1179 491; x_wconf 83' lang='lat' dir='ltr'><strong>SS.</strong></span> <span class='ocrx_word' id='word_1_19' title='bbox 1199 444 1407 479; x_wconf 89' lang='lat' dir='ltr'><strong>Canonicor.</strong></span> <span class='ocrx_word' id='word_1_20' title='bbox 1426 453 1490 476; x_wconf 88' lang='lat' dir='ltr'><strong>nec</strong></span> <span class='ocrx_word' id='word_1_21' title='bbox 1507 441 1550 475; x_wconf 91' lang='lat' dir='ltr'><strong>de</strong></span> <span class='ocrx_word' id='word_1_22' title='bbox 1567 453 1608 475; x_wconf 90' lang='lat' dir='ltr'><strong>eo</strong></span> <span class='ocrx_word' id='word_1_23' title='bbox 1625 443 1759 476; x_wconf 90' lang='lat' dir='ltr'><strong>mentio</strong></span> 
     </span>
     <span class='ocr_line' id='line_1_4' title="bbox 381 499 1759 554; baseline -0.012 -8"><span class='ocrx_word' id='word_1_24' title='bbox 381 518 441 546; x_wconf 88' lang='lat' dir='ltr'><strong>aut</strong></span> <span class='ocrx_word' id='word_1_25' title='bbox 466 513 503 545; x_wconf 90' lang='lat' dir='ltr'><strong>in</strong></span> <span class='ocrx_word' id='word_1_26' title='bbox 529 509 786 554; x_wconf 85' lang='lat' dir='ltr'><strong>Martyrologio</strong></span> <span class='ocrx_word' id='word_1_27' title='bbox 813 506 986 545; x_wconf 88' lang='lat' dir='ltr'><strong>Romano,</strong></span> <span class='ocrx_word' id='word_1_28' title='bbox 1012 504 1129 548; x_wconf 91' lang='lat' dir='ltr'><strong>Lydio</strong></span> <span class='ocrx_word' id='word_1_29' title='bbox 1155 503 1287 536; x_wconf 86' lang='lat' dir='ltr'><strong>scilicet</strong></span> <span class='ocrx_word' id='word_1_30' title='bbox 1305 500 1464 535; x_wconf 89' lang='lat' dir='ltr'><strong>omnium</strong></span> <span class='ocrx_word' id='word_1_31' title='bbox 1488 499 1759 544; x_wconf 87' lang='lat' dir='ltr'><strong>hagiologorum</strong></span> 
     </span>
     <span class='ocr_line' id='line_1_5' title="bbox 382 555 1758 613; baseline -0.011 -11"><span class='ocrx_word' id='word_1_32' title='bbox 382 569 506 613; x_wconf 85' lang='lat' dir='ltr'><strong>lapide,</strong></span> <span class='ocrx_word' id='word_1_33' title='bbox 532 571 594 600; x_wconf 80' lang='lat' dir='ltr'><strong>aut</strong></span> <span class='ocrx_word' id='word_1_34' title='bbox 619 565 795 604; x_wconf 90' lang='lat' dir='ltr'><strong>Usuardo,</strong></span> <span class='ocrx_word' id='word_1_35' title='bbox 822 564 977 602; x_wconf 90' lang='lat' dir='ltr'><strong>Molano,</strong></span> <span class='ocrx_word' id='word_1_36' title='bbox 1004 560 1195 599; x_wconf 86' lang='lat' dir='ltr'><strong>Galesinio,</strong></span> <span class='ocrx_word' id='word_1_37' title='bbox 1219 558 1369 596; x_wconf 87' lang='lat' dir='ltr'><strong>Uvione‚</strong></span> <span class='ocrx_word' id='word_1_38' title='bbox 1389 556 1507 595; x_wconf 87' lang='lat' dir='ltr'><strong>Petro,</strong></span> <span class='ocrx_word' id='word_1_39' title='bbox 1526 555 1758 600; x_wconf 89' lang='lat' dir='ltr'><strong>Maurolyco;</strong></span> 
     </span>
     <span class='ocr_line' id='line_1_6' title="bbox 382 612 1760 660; baseline -0.012 0"><span class='ocrx_word' id='word_1_40' title='bbox 382 631 415 660; x_wconf 89' lang='lat' dir='ltr'><strong>et</strong></span> <span class='ocrx_word' id='word_1_41' title='bbox 432 625 513 659; x_wconf 91' lang='lat' dir='ltr'><strong>Ado</strong></span> <span class='ocrx_word' id='word_1_42' title='bbox 531 634 608 657; x_wconf 87' lang='lat' dir='ltr'><strong>cum</strong></span> <span class='ocrx_word' id='word_1_43' title='bbox 628 623 726 657; x_wconf 85' lang='lat' dir='ltr'>Beda</span> <span class='ocrx_word' id='word_1_44' title='bbox 742 633 814 656; x_wconf 89' lang='lat' dir='ltr'><strong>non</strong></span> <span class='ocrx_word' id='word_1_45' title='bbox 836 625 889 654; x_wconf 86' lang='lat' dir='ltr'><strong>est</strong></span> <span class='ocrx_word' id='word_1_46' title='bbox 910 620 954 653; x_wconf 89' lang='lat' dir='ltr'><strong>ad</strong></span> <span class='ocrx_word' id='word_1_47' title='bbox 975 628 1131 652; x_wconf 89' lang='lat' dir='ltr'><strong>manum.</strong></span> <span class='ocrx_word' id='word_1_48' title='bbox 1183 615 1270 649; x_wconf 86' lang='lat' dir='ltr'><strong>Fuit</strong></span> <span class='ocrx_word' id='word_1_49' title='bbox 1286 625 1394 657; x_wconf 91' lang='lat' dir='ltr'><strong>nepos</strong></span> <span class='ocrx_word' id='word_1_50' title='bbox 1412 613 1448 646; x_wconf 85' lang='lat' dir='ltr'><strong>S.</strong></span> <span class='ocrx_word' id='word_1_51' title='bbox 1467 612 1654 653; x_wconf 88' lang='lat' dir='ltr'><strong>Bonifacii,</strong></span> <span class='ocrx_word' id='word_1_52' title='bbox 1674 612 1760 646; x_wconf 86' lang='lat' dir='ltr'><strong>Ger-</strong></span> 
     </span>
     <span class='ocr_line' id='line_1_7' title="bbox 382 669 1760 724; baseline -0.011 -8"><span class='ocrx_word' id='word_1_53' title='bbox 382 682 579 716; x_wconf 85' lang='lat' dir='ltr'><strong>maniarum</strong></span> <span class='ocrx_word' id='word_1_54' title='bbox 605 679 765 724; x_wconf 85' lang='lat' dir='ltr'><strong>apostoli,</strong></span> <span class='ocrx_word' id='word_1_55' title='bbox 792 678 875 723; x_wconf 85' lang='lat' dir='ltr'><strong>quia</strong></span> <span class='ocrx_word' id='word_1_56' title='bbox 899 677 1009 710; x_wconf 86' lang='lat' dir='ltr'><strong>frater</strong></span> <span class='ocrx_word' id='word_1_57' title='bbox 1032 673 1204 719; x_wconf 87' lang='lat' dir='ltr'><strong>praesulis</strong></span> <span class='ocrx_word' id='word_1_58' title='bbox 1226 675 1261 706; x_wconf 82' lang='lat' dir='ltr'><strong>et</strong></span> <span class='ocrx_word' id='word_1_59' title='bbox 1284 670 1453 715; x_wconf 85' lang='lat' dir='ltr'><strong>martyris</strong></span> <span class='ocrx_word' id='word_1_60' title='bbox 1476 669 1700 708; x_wconf 85' lang='lat' dir='ltr'><strong>sanctissimi,</strong></span> <span class='ocrx_word' id='word_1_61' title='bbox 1718 674 1760 702; x_wconf 86' lang='lat' dir='ltr'><strong>ut</strong></span> 
     </span>
     <span class='ocr_line' id='line_1_8' title="bbox 382 730 1759 781; baseline -0.01 -8"><span class='ocrx_word' id='word_1_62' title='bbox 382 739 487 773; x_wconf 88' lang='lat' dir='ltr'><strong>habet</strong></span> <span class='ocrx_word' id='word_1_63' title='bbox 512 746 708 781; x_wconf 86' lang='lat' dir='ltr'><strong>anonymus</strong></span> <span class='ocrx_word' id='word_1_64' title='bbox 733 735 771 768; x_wconf 91' lang='lat' dir='ltr'><strong>in</strong></span> <span class='ocrx_word' id='word_1_65' title='bbox 797 735 872 768; x_wconf 87' lang='lat' dir='ltr'><strong>vita</strong></span> <span class='ocrx_word' id='word_1_66' title='bbox 897 733 973 778; x_wconf 89' lang='lat' dir='ltr'><strong>ejus</strong></span> <span class='ocrx_word' id='word_1_67' title='bbox 1002 731 1095 776; x_wconf 90' lang='lat' dir='ltr'><strong>apud</strong></span> <span class='ocrx_word' id='word_1_68' title='bbox 1125 730 1269 764; x_wconf 88' lang='lat' dir='ltr'><strong>Surium</strong></span> <span class='ocrx_word' id='word_1_69' title='bbox 1301 732 1387 761; x_wconf 89' lang='lat' dir='ltr'><strong>tom.</strong></span> <span class='ocrx_word' id='word_1_70' title='bbox 1416 735 1471 761; x_wconf 75' lang='grc' dir='ltr'><strong>Ν.</strong></span> <span class='ocrx_word' id='word_1_71' title='bbox 1504 738 1585 772; x_wconf 85' lang='lat' dir='ltr'><strong>pag.</strong></span> <span class='ocrx_word' id='word_1_72' title='bbox 1613 735 1759 759; x_wconf 77' lang='lat' dir='ltr'>LXXVI.</span> 
     </span>
     <span class='ocr_line' id='line_1_9' title="bbox 382 784 1759 838; baseline -0.01 -9"><span class='ocrx_word' id='word_1_73' title='bbox 382 795 484 835; x_wconf 85' lang='lat' dir='ltr'><strong>Quod</strong></span> <span class='ocrx_word' id='word_1_74' title='bbox 502 794 531 828; x_wconf 87' lang='lat' dir='ltr'><strong>si</strong></span> <span class='ocrx_word' id='word_1_75' title='bbox 550 793 768 838; x_wconf 87' lang='lat' dir='ltr'><strong>conjecturae</strong></span> <span class='ocrx_word' id='word_1_76' title='bbox 786 793 881 826; x_wconf 88' lang='lat' dir='ltr'><strong>locus</strong></span> <span class='ocrx_word' id='word_1_77' title='bbox 899 789 1121 833; x_wconf 85' lang='lat' dir='ltr'><strong>relinquitur,</strong></span> <span class='ocrx_word' id='word_1_78' title='bbox 1135 787 1300 820; x_wconf 84' lang='lat' dir='ltr'><strong>existimo</strong></span> <span class='ocrx_word' id='word_1_79' title='bbox 1318 785 1418 818; x_wconf 87' lang='lat' dir='ltr'><strong>illum</strong></span> <span class='ocrx_word' id='word_1_80' title='bbox 1433 795 1546 817; x_wconf 90' lang='lat' dir='ltr'><strong>unum</strong></span> <span class='ocrx_word' id='word_1_81' title='bbox 1563 794 1608 817; x_wconf 84' lang='lat' dir='ltr'><strong>ex</strong></span> <span class='ocrx_word' id='word_1_82' title='bbox 1624 784 1668 816; x_wconf 89' lang='lat' dir='ltr'><strong>iis</strong></span> <span class='ocrx_word' id='word_1_83' title='bbox 1687 792 1759 816; x_wconf 85' lang='lat' dir='ltr'>L11.</span> 
     </span>
     <span class='ocr_line' id='line_1_10' title="bbox 382 841 1760 896; baseline -0.009 -11"><span class='ocrx_word' id='word_1_84' title='bbox 382 853 442 896; x_wconf 91' lang='lat' dir='ltr'><strong>qui</strong></span> <span class='ocrx_word' id='word_1_85' title='bbox 461 862 539 885; x_wconf 92' lang='lat' dir='ltr'><strong>cum</strong></span> <span class='ocrx_word' id='word_1_86' title='bbox 557 851 617 883; x_wconf 91' lang='lat' dir='ltr'><strong>illo</strong></span> <span class='ocrx_word' id='word_1_87' title='bbox 635 849 853 883; x_wconf 89' lang='lat' dir='ltr'><strong>sanctissimo</strong></span> <span class='ocrx_word' id='word_1_88' title='bbox 871 847 1028 891; x_wconf 84' lang='lat' dir='ltr'><strong>apostolo</strong></span> <span class='ocrx_word' id='word_1_89' title='bbox 1046 843 1316 879; x_wconf 86' lang='lat' dir='ltr'><strong>Germaniarum</strong></span> <span class='ocrx_word' id='word_1_90' title='bbox 1344 841 1383 874; x_wconf 90' lang='lat' dir='ltr'><strong>in</strong></span> <span class='ocrx_word' id='word_1_91' title='bbox 1405 841 1524 875; x_wconf 87' lang='lat' dir='ltr'><strong>Frisia</strong></span> <span class='ocrx_word' id='word_1_92' title='bbox 1546 841 1760 884; x_wconf 87' lang='lat' dir='ltr'><strong>martyrium</strong></span> 
     </span>
     <span class='ocr_line' id='line_1_11' title="bbox 382 898 1759 953; baseline -0.009 -11"><span class='ocrx_word' id='word_1_93' title='bbox 382 909 546 953; x_wconf 84' lang='lat' dir='ltr'><strong>perpessi,</strong></span> <span class='ocrx_word' id='word_1_94' title='bbox 573 905 773 940; x_wconf 88' lang='lat' dir='ltr'><strong>nominibus</strong></span> <span class='ocrx_word' id='word_1_95' title='bbox 798 915 907 949; x_wconf 87' lang='lat' dir='ltr'><strong>paene</strong></span> <span class='ocrx_word' id='word_1_96' title='bbox 933 903 1101 936; x_wconf 88' lang='lat' dir='ltr'><strong>hactenus</strong></span> <span class='ocrx_word' id='word_1_97' title='bbox 1127 904 1328 939; x_wconf 85' lang='lat' dir='ltr'><strong>caruerunt,</strong></span> <span class='ocrx_word' id='word_1_98' title='bbox 1355 903 1390 933; x_wconf 89' lang='lat' dir='ltr'><strong>et</strong></span> <span class='ocrx_word' id='word_1_99' title='bbox 1408 899 1610 943; x_wconf 91' lang='lat' dir='ltr'><strong>episcopum</strong></span> <span class='ocrx_word' id='word_1_100' title='bbox 1628 898 1759 938; x_wconf 86' lang='lat' dir='ltr'><strong>vocari,</strong></span> 
     </span>
     <span class='ocr_line' id='line_1_12' title="bbox 382 956 1760 1008; baseline -0.007 -10"><span class='ocrx_word' id='word_1_101' title='bbox 382 976 452 998; x_wconf 90' lang='lat' dir='ltr'><strong>non</strong></span> <span class='ocrx_word' id='word_1_102' title='bbox 470 964 562 1008; x_wconf 92' lang='lat' dir='ltr'><strong>quod</strong></span> <span class='ocrx_word' id='word_1_103' title='bbox 580 962 683 996; x_wconf 88' lang='lat' dir='ltr'><strong>alicui</strong></span> <span class='ocrx_word' id='word_1_104' title='bbox 701 962 773 995; x_wconf 88' lang='lat' dir='ltr'><strong>sedi</strong></span> <span class='ocrx_word' id='word_1_105' title='bbox 791 961 958 1006; x_wconf 82' lang='lat' dir='ltr'><strong>illigatuS,</strong></span> <span class='ocrx_word' id='word_1_106' title='bbox 982 959 1043 992; x_wconf 89' lang='lat' dir='ltr'><strong>sed</strong></span> <span class='ocrx_word' id='word_1_107' title='bbox 1066 969 1107 992; x_wconf 91' lang='lat' dir='ltr'><strong>eo</strong></span> <span class='ocrx_word' id='word_1_108' title='bbox 1130 962 1270 991; x_wconf 87' lang='lat' dir='ltr'><strong>tantum</strong></span> <span class='ocrx_word' id='word_1_109' title='bbox 1289 957 1334 990; x_wconf 87' lang='lat' dir='ltr'><strong>ad</strong></span> <span class='ocrx_word' id='word_1_110' title='bbox 1358 956 1613 990; x_wconf 85' lang='lat' dir='ltr'><strong>convertendas</strong></span> <span class='ocrx_word' id='word_1_111' title='bbox 1637 959 1760 1001; x_wconf 86' lang='lat' dir='ltr'><strong>gentes</strong></span> 
     </span>
     <span class='ocr_line' id='line_1_13' title="bbox 382 1012 1759 1058; baseline -0.007 -3"><span class='ocrx_word' id='word_1_112' title='bbox 382 1022 485 1055; x_wconf 89' lang='lat' dir='ltr'><strong>titulo</strong></span> <span class='ocrx_word' id='word_1_113' title='bbox 503 1021 651 1054; x_wconf 80' lang='lat' dir='ltr'><strong>donatus</strong></span> <span class='ocrx_word' id='word_1_114' title='bbox 669 1018 726 1058; x_wconf 84' lang='lat' dir='ltr'><strong>sit,</strong></span> <span class='ocrx_word' id='word_1_115' title='bbox 744 1025 785 1052; x_wconf 88' lang='lat' dir='ltr'><strong>ut</strong></span> <span class='ocrx_word' id='word_1_116' title='bbox 806 1018 849 1051; x_wconf 93' lang='lat' dir='ltr'><strong>de</strong></span> <span class='ocrx_word' id='word_1_117' title='bbox 871 1028 911 1050; x_wconf 90' lang='lat' dir='ltr'><strong>eo</strong></span> <span class='ocrx_word' id='word_1_118' title='bbox 933 1027 1019 1050; x_wconf 83' lang='lat' dir='ltr'><strong>aevo</strong></span> <span class='ocrx_word' id='word_1_119' title='bbox 1041 1016 1204 1054; x_wconf 85' lang='lat' dir='ltr'><strong>solenne3</strong></span> <span class='ocrx_word' id='word_1_120' title='bbox 1232 1013 1293 1047; x_wconf 89' lang='lat' dir='ltr'><strong>sed</strong></span> <span class='ocrx_word' id='word_1_121' title='bbox 1317 1012 1492 1047; x_wconf 88' lang='lat' dir='ltr'><strong>divinatio</strong></span> <span class='ocrx_word' id='word_1_122' title='bbox 1515 1012 1562 1047; x_wconf 90' lang='lat' dir='ltr'><strong>sit</strong></span> <span class='ocrx_word' id='word_1_123' title='bbox 1585 1012 1662 1053; x_wconf 91' lang='lat' dir='ltr'><strong>hoc,</strong></span> <span class='ocrx_word' id='word_1_124' title='bbox 1687 1023 1759 1046; x_wconf 86' lang='lat' dir='ltr'><strong>non</strong></span> 
     </span>
     <span class='ocr_line' id='line_1_14' title="bbox 382 1077 537 1112; baseline -0.013 -1"><span class='ocrx_word' id='word_1_125' title='bbox 382 1077 537 1112; x_wconf 86' lang='lat' dir='ltr'><strong>scientia.</strong></span> 
     </span>
    </p>

    <p class='ocr_par' dir='ltr' id='par_1_3' title="bbox 382 1128 1760 1225">
     <span class='ocr_line' id='line_1_15' title="bbox 429 1128 1760 1175; baseline -0.006 -8"><span class='ocrx_word' id='word_1_126' title='bbox 429 1133 569 1167; x_wconf 87' lang='lat' dir='ltr'><strong>Floruit</strong></span> <span class='ocrx_word' id='word_1_127' title='bbox 586 1136 620 1166; x_wconf 84' lang='lat' dir='ltr'><strong>et</strong></span> <span class='ocrx_word' id='word_1_128' title='bbox 637 1141 760 1175; x_wconf 87' lang='lat' dir='ltr'><strong>passus</strong></span> <span class='ocrx_word' id='word_1_129' title='bbox 778 1134 831 1164; x_wconf 86' lang='lat' dir='ltr'><strong>est</strong></span> <span class='ocrx_word' id='word_1_130' title='bbox 849 1141 929 1164; x_wconf 85' lang='lat' dir='ltr'><strong>curn</strong></span> <span class='ocrx_word' id='word_1_131' title='bbox 947 1129 982 1162; x_wconf 89' lang='lat' dir='ltr'><strong>S.</strong></span> <span class='ocrx_word' id='word_1_132' title='bbox 1002 1128 1186 1162; x_wconf 84' lang='lat' dir='ltr'><strong>Bonifacio</strong></span> <span class='ocrx_word' id='word_1_133' title='bbox 1212 1128 1387 1161; x_wconf 86' lang='lat' dir='ltr'><strong>avunculo</strong></span> <span class='ocrx_word' id='word_1_134' title='bbox 1410 1134 1503 1161; x_wconf 80' lang='lat' dir='ltr'><strong>anno</strong></span> <span class='ocrx_word' id='word_1_135' title='bbox 1527 1135 1673 1160; x_wconf 81' lang='lat' dir='ltr'>DCCLV.</span> <span class='ocrx_word' id='word_1_136' title='bbox 1698 1130 1760 1159; x_wconf 86' lang='lat' dir='ltr'><strong>aut</strong></span> 
     </span>
     <span class='ocr_line' id='line_1_16' title="bbox 382 1183 1671 1225; baseline -0.007 0"><span class='ocrx_word' id='word_1_137' title='bbox 382 1202 459 1225; x_wconf 91' lang='lat' dir='ltr'><strong>cum</strong></span> <span class='ocrx_word' id='word_1_138' title='bbox 476 1190 586 1224; x_wconf 88' lang='lat' dir='ltr'><strong>fratre</strong></span> <span class='ocrx_word' id='word_1_139' title='bbox 603 1189 695 1223; x_wconf 86' lang='lat' dir='ltr'><strong>vixit</strong></span> <span class='ocrx_word' id='word_1_140' title='bbox 711 1199 804 1222; x_wconf 90' lang='lat' dir='ltr'><strong>anno</strong></span> <span class='ocrx_word' id='word_1_141' title='bbox 822 1194 1108 1221; x_wconf 82' lang='lat' dir='ltr'><strong>Deccxxxvm.</strong></span> <span class='ocrx_word' id='word_1_142' title='bbox 1162 1184 1222 1218; x_wconf 91' lang='lat' dir='ltr'><strong>Tu</strong></span> <span class='ocrx_word' id='word_1_143' title='bbox 1239 1184 1320 1218; x_wconf 90' lang='lat' dir='ltr'><strong>vide</strong></span> <span class='ocrx_word' id='word_1_144' title='bbox 1337 1184 1399 1218; x_wconf 90' lang='lat' dir='ltr'><strong>lib.</strong></span> <span class='ocrx_word' id='word_1_145' title='bbox 1417 1193 1472 1217; x_wconf 78' lang='lat' dir='ltr'><strong>vr.</strong></span> <span class='ocrx_word' id='word_1_146' title='bbox 1490 1183 1586 1218; x_wconf 87' lang='lat' dir='ltr'><strong>infra</strong></span> <span class='ocrx_word' id='word_1_147' title='bbox 1601 1183 1671 1217; x_wconf 88' lang='lat' dir='ltr'><strong>hic.</strong></span> 
     </span>
    </p>
   </div>
   <div class='ocr_carea' id='block_1_3' title="bbox 812 1298 1320 1335">
    <p class='ocr_par' dir='ltr' id='par_1_4' title="bbox 812 1298 1320 1335">
     <span class='ocr_line' id='line_1_17' title="bbox 812 1298 1320 1335; baseline -0.004 -1"><span class='ocrx_word' id='word_1_148' title='bbox 812 1301 848 1335; x_wconf 89' lang='lat' dir='ltr'><strong>S.</strong></span> <span class='ocrx_word' id='word_1_149' title='bbox 874 1298 1208 1334; x_wconf 89' lang='lat' dir='ltr'><strong>ADAMNANUS.</strong></span> <span class='ocrx_word' id='word_1_150' title='bbox 1262 1299 1320 1332; x_wconf 90' lang='lat'><strong>15.</strong></span> 
     </span>
    </p>
   </div>
   <div class='ocr_carea' id='block_1_4' title="bbox 383 1412 1766 2430">
    <p class='ocr_par' dir='ltr' id='par_1_5' title="bbox 383 1412 1766 2430">
     <span class='ocr_line' id='line_1_18' title="bbox 384 1412 1760 1458; baseline -0.004 -6"><span class='ocrx_word' id='word_1_151' title='bbox 384 1418 418 1452; x_wconf 89' lang='lat' dir='ltr'><strong>S.</strong></span> <span class='ocrx_word' id='word_1_152' title='bbox 443 1417 723 1455; x_wconf 77' lang='lat' dir='ltr'><strong>ADAMNANUS‚</strong></span> <span class='ocrx_word' id='word_1_153' title='bbox 754 1416 810 1449; x_wconf 91' lang='lat' dir='ltr'><strong>vir</strong></span> <span class='ocrx_word' id='word_1_154' title='bbox 839 1415 1090 1454; x_wconf 83' lang='lat' dir='ltr'><strong>sanctissimus,</strong></span> <span class='ocrx_word' id='word_1_155' title='bbox 1117 1413 1349 1458; x_wconf 88' lang='lat' dir='ltr'><strong>Ferquhardo</strong></span> <span class='ocrx_word' id='word_1_156' title='bbox 1379 1412 1430 1447; x_wconf 90' lang='grc' dir='ltr'><strong>ΙΙ.</strong></span> <span class='ocrx_word' id='word_1_157' title='bbox 1457 1412 1533 1458; x_wconf 76' lang='lat' dir='ltr'><strong>regi</strong></span> <span class='ocrx_word' id='word_1_158' title='bbox 1563 1412 1760 1454; x_wconf 85' lang='lat' dir='ltr'><strong>familiaris,</strong></span> 
     </span>
     <span class='ocr_line' id='line_1_19' title="bbox 383 1470 1761 1520; baseline -0.003 -11"><span class='ocrx_word' id='word_1_159' title='bbox 383 1476 443 1520; x_wconf 89' lang='lat' dir='ltr'><strong>qui</strong></span> <span class='ocrx_word' id='word_1_160' title='bbox 470 1476 569 1508; x_wconf 89' lang='lat' dir='ltr'><strong>illum</strong></span> <span class='ocrx_word' id='word_1_161' title='bbox 592 1473 755 1518; x_wconf 87' lang='lat' dir='ltr'><strong>Eugenio</strong></span> <span class='ocrx_word' id='word_1_162' title='bbox 778 1471 843 1506; x_wconf 91' lang='lat' dir='ltr'><strong>VI.</strong></span> <span class='ocrx_word' id='word_1_163' title='bbox 870 1472 946 1518; x_wconf 89' lang='lat' dir='ltr'><strong>regi</strong></span> <span class='ocrx_word' id='word_1_164' title='bbox 972 1472 1195 1515; x_wconf 87' lang='lat' dir='ltr'><strong>postmodum</strong></span> <span class='ocrx_word' id='word_1_165' title='bbox 1219 1471 1292 1505; x_wconf 89' lang='lat' dir='ltr'><strong>filio</strong></span> <span class='ocrx_word' id='word_1_166' title='bbox 1314 1482 1379 1504; x_wconf 89' lang='lat' dir='ltr'><strong>suo</strong></span> <span class='ocrx_word' id='word_1_167' title='bbox 1400 1470 1592 1504; x_wconf 86' lang='lat' dir='ltr'><strong>erudiendo</strong></span> <span class='ocrx_word' id='word_1_168' title='bbox 1617 1481 1761 1515; x_wconf 87' lang='lat' dir='ltr'><strong>praepo-</strong></span> 
     </span>
     <span class='ocr_line' id='line_1_20' title="bbox 383 1527 1761 1576; baseline -0.003 -10"><span class='ocrx_word' id='word_1_169' title='bbox 383 1533 465 1571; x_wconf 88' lang='lat' dir='ltr'><strong>suit,</strong></span> <span class='ocrx_word' id='word_1_170' title='bbox 480 1531 579 1576; x_wconf 87' lang='lat' dir='ltr'><strong>cujus</strong></span> <span class='ocrx_word' id='word_1_171' title='bbox 599 1535 620 1550; x_wconf 81' lang='lat'><strong>‘⁶</strong></span> <span class='ocrx_word' id='word_1_172' title='bbox 637 1531 745 1564; x_wconf 90' lang='lat' dir='ltr'><strong>ductu</strong></span> <span class='ocrx_word' id='word_1_173' title='bbox 763 1534 798 1564; x_wconf 88' lang='lat' dir='ltr'><strong>et</strong></span> <span class='ocrx_word' id='word_1_174' title='bbox 816 1528 964 1569; x_wconf 88' lang='lat' dir='ltr'><strong>tutela,&#39;&#39;</strong></span> <span class='ocrx_word' id='word_1_175' title='bbox 983 1529 1034 1562; x_wconf 90' lang='lat' dir='ltr'><strong>ait</strong></span> <span class='ocrx_word' id='word_1_176' title='bbox 1049 1528 1151 1563; x_wconf 86' lang='lat' dir='ltr'><strong>Hect.</strong></span> <span class='ocrx_word' id='word_1_177' title='bbox 1167 1529 1294 1562; x_wconf 87' lang='lat' dir='ltr'><strong>Boeth.</strong></span> <span class='ocrx_word' id='word_1_178' title='bbox 1309 1528 1369 1562; x_wconf 92' lang='lat' dir='ltr'><strong>lib.</strong></span> <span class='ocrx_word' id='word_1_179' title='bbox 1387 1537 1443 1561; x_wconf 87' lang='lat' dir='ltr'><strong>IX.</strong></span> <span class='ocrx_word' id='word_1_180' title='bbox 1459 1527 1555 1561; x_wconf 84' lang='lat' dir='ltr'><strong>Hist.</strong></span> <span class='ocrx_word' id='word_1_181' title='bbox 1571 1527 1664 1561; x_wconf 83' lang='lat' dir='ltr'><strong>Scot.</strong></span> <span class='ocrx_word' id='word_1_182' title='bbox 1678 1539 1761 1574; x_wconf 83' lang='lat' dir='ltr'><strong>pag.</strong></span> 
     </span>
     <span class='ocr_line' id='line_1_21' title="bbox 384 1585 1761 1630; baseline -0.002 -8"><span class='ocrx_word' id='word_1_183' title='bbox 384 1597 555 1623; x_wconf 83' lang='lat' dir='ltr'>CLXXIX.</span> <span class='ocrx_word' id='word_1_184' title='bbox 581 1591 602 1606; x_wconf 93' lang='lat'><strong>“</strong></span> <span class='ocrx_word' id='word_1_185' title='bbox 620 1587 718 1621; x_wconf 92' lang='lat' dir='ltr'><strong>bonis</strong></span> <span class='ocrx_word' id='word_1_186' title='bbox 742 1587 899 1621; x_wconf 84' lang='lat' dir='ltr'><strong>moribus</strong></span> <span class='ocrx_word' id='word_1_187' title='bbox 923 1587 1100 1625; x_wconf 83' lang='lat' dir='ltr'><strong>educatuS,</strong></span> <span class='ocrx_word' id='word_1_188' title='bbox 1123 1586 1167 1619; x_wconf 86' lang='lat' dir='ltr'><strong>ad</strong></span> <span class='ocrx_word' id='word_1_189' title='bbox 1186 1585 1370 1619; x_wconf 89' lang='lat' dir='ltr'><strong>Scotorum</strong></span> <span class='ocrx_word' id='word_1_190' title='bbox 1388 1585 1549 1629; x_wconf 89' lang='lat' dir='ltr'><strong>pervenit</strong></span> <span class='ocrx_word' id='word_1_191' title='bbox 1573 1586 1761 1630; x_wconf 89' lang='lat' dir='ltr'><strong>imperium</strong></span> 
     </span>
     <span class='ocr_line' id='line_1_22' title="bbox 383 1642 1762 1690; baseline -0.001 -12"><span class='ocrx_word' id='word_1_192' title='bbox 383 1646 532 1679; x_wconf 89' lang='lat' dir='ltr'><strong>eximius</strong></span> <span class='ocrx_word' id='word_1_193' title='bbox 546 1655 648 1678; x_wconf 83' lang='lat' dir='ltr'><strong>verae</strong></span> <span class='ocrx_word' id='word_1_194' title='bbox 666 1644 846 1690; x_wconf 87' lang='lat' dir='ltr'><strong>religionis</strong></span> <span class='ocrx_word' id='word_1_195' title='bbox 864 1644 1008 1677; x_wconf 85' lang='lat' dir='ltr'><strong>cultor.&#39;&#39;</strong></span> <span class='ocrx_word' id='word_1_196' title='bbox 1050 1642 1257 1676; x_wconf 87' lang='lat' dir='ltr'><strong>Amicitiam</strong></span> <span class='ocrx_word' id='word_1_197' title='bbox 1273 1643 1379 1676; x_wconf 86' lang='lat' dir='ltr'><strong>etiam</strong></span> <span class='ocrx_word' id='word_1_198' title='bbox 1394 1653 1473 1675; x_wconf 92' lang='lat' dir='ltr'><strong>cum</strong></span> <span class='ocrx_word' id='word_1_199' title='bbox 1488 1642 1630 1676; x_wconf 86' lang='lat' dir='ltr'><strong>Brudeo</strong></span> <span class='ocrx_word' id='word_1_200' title='bbox 1645 1643 1762 1677; x_wconf 89' lang='lat' dir='ltr'><strong>Picto-</strong></span> 
     </span>
     <span class='ocr_line' id='line_1_23' title="bbox 383 1698 1760 1746; baseline -0.001 -11"><span class='ocrx_word' id='word_1_201' title='bbox 383 1713 461 1735; x_wconf 90' lang='lat' dir='ltr'><strong>rum</strong></span> <span class='ocrx_word' id='word_1_202' title='bbox 480 1713 571 1746; x_wconf 86' lang='lat' dir='ltr'><strong>rege,</strong></span> <span class='ocrx_word' id='word_1_203' title='bbox 586 1705 620 1734; x_wconf 86' lang='lat' dir='ltr'><strong>et</strong></span> <span class='ocrx_word' id='word_1_204' title='bbox 634 1700 668 1734; x_wconf 88' lang='lat' dir='ltr'><strong>S.</strong></span> <span class='ocrx_word' id='word_1_205' title='bbox 685 1700 882 1734; x_wconf 88' lang='lat' dir='ltr'><strong>Cuthberto</strong></span> <span class='ocrx_word' id='word_1_206' title='bbox 896 1699 1010 1739; x_wconf 88' lang='lat' dir='ltr'><strong>Scoto,</strong></span> <span class='ocrx_word' id='word_1_207' title='bbox 1026 1698 1307 1733; x_wconf 87' lang='lat' dir='ltr'><strong>Lindisfarnensi</strong></span> <span class='ocrx_word' id='word_1_208' title='bbox 1321 1700 1493 1743; x_wconf 86' lang='lat' dir='ltr'><strong>episcopo,</strong></span> <span class='ocrx_word' id='word_1_209' title='bbox 1508 1704 1627 1734; x_wconf 85' lang='lat' dir='ltr'><strong>sancte</strong></span> <span class='ocrx_word' id='word_1_210' title='bbox 1640 1701 1760 1735; x_wconf 92' lang='lat' dir='ltr'><strong>coluit.</strong></span> 
     </span>
     <span class='ocr_line' id='line_1_24' title="bbox 383 1755 1762 1803; baseline 0.001 -12"><span class='ocrx_word' id='word_1_211' title='bbox 383 1757 506 1803; x_wconf 79' lang='lat' dir='ltr'><strong>Pergit</strong></span> <span class='ocrx_word' id='word_1_212' title='bbox 519 1758 610 1790; x_wconf 86' lang='lat' dir='ltr'><strong>idem</strong></span> <span class='ocrx_word' id='word_1_213' title='bbox 624 1757 813 1790; x_wconf 86' lang='lat' dir='ltr'><strong>historicus</strong></span> <span class='ocrx_word' id='word_1_214' title='bbox 828 1767 836 1790; x_wconf 93' lang='lat'><strong>:</strong></span> <span class='ocrx_word' id='word_1_215' title='bbox 858 1761 879 1775; x_wconf 92' lang='lat'><strong>“</strong></span> <span class='ocrx_word' id='word_1_216' title='bbox 893 1756 1089 1790; x_wconf 89' lang='lat' dir='ltr'><strong>Cuthberto</strong></span> <span class='ocrx_word' id='word_1_217' title='bbox 1107 1756 1236 1789; x_wconf 90' lang='lat' dir='ltr'><strong>etenim</strong></span> <span class='ocrx_word' id='word_1_218' title='bbox 1255 1761 1290 1790; x_wconf 89' lang='lat' dir='ltr'><strong>et</strong></span> <span class='ocrx_word' id='word_1_219' title='bbox 1306 1755 1519 1790; x_wconf 89' lang='lat' dir='ltr'><strong>Adamnano</strong></span> <span class='ocrx_word' id='word_1_220' title='bbox 1532 1757 1762 1792; x_wconf 86' lang='lat' dir='ltr'><strong>suadentibus</strong></span> 
     </span>
     <span class='ocr_line' id='line_1_25' title="bbox 383 1813 1761 1857; baseline 0 -9"><span class='ocrx_word' id='word_1_221' title='bbox 383 1815 504 1849; x_wconf 82' lang='lat' dir='ltr'><strong>foedus</strong></span> <span class='ocrx_word' id='word_1_222' title='bbox 522 1814 582 1847; x_wconf 90' lang='lat' dir='ltr'><strong>icit</strong></span> <span class='ocrx_word' id='word_1_223' title='bbox 600 1824 679 1847; x_wconf 91' lang='lat' dir='ltr'><strong>cum</strong></span> <span class='ocrx_word' id='word_1_224' title='bbox 697 1813 962 1851; x_wconf 86' lang='lat' dir='ltr'><strong>Northumbris,</strong></span> <span class='ocrx_word' id='word_1_225' title='bbox 981 1817 1017 1846; x_wconf 87' lang='lat' dir='ltr'><strong>at</strong></span> <span class='ocrx_word' id='word_1_226' title='bbox 1034 1813 1132 1846; x_wconf 86' lang='lat' dir='ltr'><strong>nulla</strong></span> <span class='ocrx_word' id='word_1_227' title='bbox 1148 1813 1284 1847; x_wconf 90' lang='lat' dir='ltr'><strong>ratione</strong></span> <span class='ocrx_word' id='word_1_228' title='bbox 1298 1813 1417 1846; x_wconf 88' lang='lat' dir='ltr'><strong>induci</strong></span> <span class='ocrx_word' id='word_1_229' title='bbox 1431 1817 1571 1857; x_wconf 90' lang='lat' dir='ltr'><strong>poterat</strong></span> <span class='ocrx_word' id='word_1_230' title='bbox 1584 1818 1625 1848; x_wconf 92' lang='lat' dir='ltr'><strong>ut</strong></span> <span class='ocrx_word' id='word_1_231' title='bbox 1638 1814 1761 1848; x_wconf 89' lang='lat' dir='ltr'><strong>foedus</strong></span> 
     </span>
     <span class='ocr_line' id='line_1_26' title="bbox 384 1870 1762 1915; baseline 0 -9"><span class='ocrx_word' id='word_1_232' title='bbox 384 1883 462 1906; x_wconf 90' lang='lat' dir='ltr'><strong>cum</strong></span> <span class='ocrx_word' id='word_1_233' title='bbox 488 1871 597 1905; x_wconf 85' lang='lat' dir='ltr'><strong>Pictis</strong></span> <span class='ocrx_word' id='word_1_234' title='bbox 623 1871 738 1910; x_wconf 90' lang='lat' dir='ltr'><strong>iniret,</strong></span> <span class='ocrx_word' id='word_1_235' title='bbox 765 1871 850 1904; x_wconf 88' lang='lat' dir='ltr'><strong>adeo</strong></span> <span class='ocrx_word' id='word_1_236' title='bbox 875 1870 991 1915; x_wconf 88' lang='lat' dir='ltr'><strong>gentis</strong></span> <span class='ocrx_word' id='word_1_237' title='bbox 1018 1881 1143 1904; x_wconf 87' lang='lat' dir='ltr'><strong>exosus</strong></span> <span class='ocrx_word' id='word_1_238' title='bbox 1170 1870 1362 1914; x_wconf 89' lang='lat' dir='ltr'><strong>perfidiam,</strong></span> <span class='ocrx_word' id='word_1_239' title='bbox 1389 1874 1424 1904; x_wconf 91' lang='lat' dir='ltr'><strong>et</strong></span> <span class='ocrx_word' id='word_1_240' title='bbox 1449 1871 1544 1915; x_wconf 91' lang='lat' dir='ltr'><strong>quod</strong></span> <span class='ocrx_word' id='word_1_241' title='bbox 1570 1871 1683 1906; x_wconf 88' lang='lat' dir='ltr'><strong>Scotis</strong></span> <span class='ocrx_word' id='word_1_242' title='bbox 1701 1872 1762 1906; x_wconf 92' lang='lat' dir='ltr'><strong>ho-</strong></span> 
     </span>
     <span class='ocr_line' id='line_1_27' title="bbox 386 1927 1763 1971; baseline 0.001 -9"><span class='ocrx_word' id='word_1_243' title='bbox 386 1934 455 1963; x_wconf 89' lang='lat' dir='ltr'><strong>stes</strong></span> <span class='ocrx_word' id='word_1_244' title='bbox 473 1940 508 1962; x_wconf 86' lang='lat' dir='ltr'><strong>se</strong></span> <span class='ocrx_word' id='word_1_245' title='bbox 526 1928 632 1971; x_wconf 90' lang='lat' dir='ltr'><strong>impie</strong></span> <span class='ocrx_word' id='word_1_246' title='bbox 650 1927 895 1966; x_wconf 86' lang='lat' dir='ltr'><strong>ostendissent,</strong></span> <span class='ocrx_word' id='word_1_247' title='bbox 912 1931 947 1961; x_wconf 90' lang='lat' dir='ltr'><strong>et</strong></span> <span class='ocrx_word' id='word_1_248' title='bbox 964 1928 1059 1971; x_wconf 89' lang='lat' dir='ltr'><strong>quod</strong></span> <span class='ocrx_word' id='word_1_249' title='bbox 1076 1927 1331 1962; x_wconf 84' lang='lat' dir='ltr'><strong>Northumbris</strong></span> <span class='ocrx_word' id='word_1_250' title='bbox 1349 1928 1387 1962; x_wconf 87' lang='lat' dir='ltr'><strong>in</strong></span> <span class='ocrx_word' id='word_1_251' title='bbox 1409 1928 1500 1962; x_wconf 90' lang='lat' dir='ltr'><strong>bello</strong></span> <span class='ocrx_word' id='word_1_252' title='bbox 1523 1929 1658 1962; x_wconf 89' lang='lat' dir='ltr'><strong>dudum</strong></span> <span class='ocrx_word' id='word_1_253' title='bbox 1681 1940 1763 1963; x_wconf 87' lang='lat' dir='ltr'><strong>cum</strong></span> 
     </span>
     <span class='ocr_line' id='line_1_28' title="bbox 385 1984 1762 2030; baseline 0.001 -11"><span class='ocrx_word' id='word_1_254' title='bbox 385 1986 496 2019; x_wconf 84' lang='lat' dir='ltr'><strong>Scotis</strong></span> <span class='ocrx_word' id='word_1_255' title='bbox 514 1989 613 2030; x_wconf 89' lang='lat' dir='ltr'><strong>gesto</strong></span> <span class='ocrx_word' id='word_1_256' title='bbox 630 1996 755 2029; x_wconf 78' lang='lat' dir='ltr'><strong>parum</strong></span> <span class='ocrx_word' id='word_1_257' title='bbox 779 1990 978 2018; x_wconf 89' lang='lat' dir='ltr'><strong>servassent</strong></span> <span class='ocrx_word' id='word_1_258' title='bbox 998 1984 1125 2025; x_wconf 89' lang='lat' dir='ltr'><strong>fidem;</strong></span> <span class='ocrx_word' id='word_1_259' title='bbox 1152 1996 1274 2018; x_wconf 88' lang='lat' dir='ltr'><strong>verum</strong></span> <span class='ocrx_word' id='word_1_260' title='bbox 1299 1996 1433 2019; x_wconf 89' lang='lat' dir='ltr'><strong>annuas</strong></span> <span class='ocrx_word' id='word_1_261' title='bbox 1457 1985 1617 2020; x_wconf 86' lang='lat' dir='ltr'><strong>inducias</strong></span> <span class='ocrx_word' id='word_1_262' title='bbox 1641 1987 1762 2021; x_wconf 89' lang='lat' dir='ltr'><strong>eadem</strong></span> 
     </span>
     <span class='ocr_line' id='line_1_29' title="bbox 386 2041 1763 2087; baseline 0.001 -11"><span class='ocrx_word' id='word_1_263' title='bbox 386 2053 462 2076; x_wconf 89' lang='lat' dir='ltr'><strong>cum</strong></span> <span class='ocrx_word' id='word_1_264' title='bbox 481 2049 584 2087; x_wconf 87' lang='lat' dir='ltr'><strong>gente</strong></span> <span class='ocrx_word' id='word_1_265' title='bbox 601 2042 757 2087; x_wconf 83' lang='lat' dir='ltr'><strong>pepigit3</strong></span> <span class='ocrx_word' id='word_1_266' title='bbox 785 2041 912 2085; x_wconf 90' lang='lat' dir='ltr'><strong>quibus</strong></span> <span class='ocrx_word' id='word_1_267' title='bbox 930 2042 1083 2081; x_wconf 86' lang='lat' dir='ltr'><strong>tandem,</strong></span> <span class='ocrx_word' id='word_1_268' title='bbox 1101 2042 1194 2085; x_wconf 91' lang='lat' dir='ltr'><strong>quod</strong></span> <span class='ocrx_word' id='word_1_269' title='bbox 1212 2041 1433 2086; x_wconf 88' lang='lat' dir='ltr'><strong>frequentius</strong></span> <span class='ocrx_word' id='word_1_270' title='bbox 1451 2054 1522 2076; x_wconf 90' lang='lat' dir='ltr'><strong>non</strong></span> <span class='ocrx_word' id='word_1_271' title='bbox 1545 2043 1620 2077; x_wconf 91' lang='lat' dir='ltr'><strong>sine</strong></span> <span class='ocrx_word' id='word_1_272' title='bbox 1643 2043 1763 2078; x_wconf 88' lang='lat' dir='ltr'><strong>Scoto-</strong></span> 
     </span>
     <span class='ocr_line' id='line_1_30' title="bbox 388 2098 1763 2143; baseline 0.002 -11"><span class='ocrx_word' id='word_1_273' title='bbox 388 2110 466 2132; x_wconf 92' lang='lat' dir='ltr'><strong>rum</strong></span> <span class='ocrx_word' id='word_1_274' title='bbox 492 2098 711 2132; x_wconf 88' lang='lat' dir='ltr'><strong>incommodo</strong></span> <span class='ocrx_word' id='word_1_275' title='bbox 734 2098 960 2138; x_wconf 86' lang='lat' dir='ltr'><strong>violarentur,</strong></span> <span class='ocrx_word' id='word_1_276' title='bbox 984 2099 1120 2138; x_wconf 90' lang='lat' dir='ltr'><strong>solutis,</strong></span> <span class='ocrx_word' id='word_1_277' title='bbox 1144 2098 1273 2132; x_wconf 90' lang='lat' dir='ltr'><strong>bellum</strong></span> <span class='ocrx_word' id='word_1_278' title='bbox 1297 2110 1360 2143; x_wconf 89' lang='lat' dir='ltr'><strong>per</strong></span> <span class='ocrx_word' id='word_1_279' title='bbox 1383 2099 1562 2134; x_wconf 88' lang='lat' dir='ltr'><strong>foecialem</strong></span> <span class='ocrx_word' id='word_1_280' title='bbox 1582 2100 1692 2135; x_wconf 83' lang='lat' dir='ltr'><strong>Pictis</strong></span> <span class='ocrx_word' id='word_1_281' title='bbox 1709 2102 1763 2135; x_wconf 90' lang='lat' dir='ltr'><strong>in-</strong></span> 
     </span>
     <span class='ocr_line' id='line_1_31' title="bbox 387 2154 1764 2204; baseline 0.003 -16"><span class='ocrx_word' id='word_1_282' title='bbox 387 2156 487 2189; x_wconf 87' lang='lat' dir='ltr'><strong>dixit.</strong></span> <span class='ocrx_word' id='word_1_283' title='bbox 514 2154 649 2188; x_wconf 87' lang='lat' dir='ltr'><strong>Annixi</strong></span> <span class='ocrx_word' id='word_1_284' title='bbox 675 2154 891 2189; x_wconf 81' lang='lat' dir='ltr'><strong>Cuthbertus</strong></span> <span class='ocrx_word' id='word_1_285' title='bbox 917 2160 952 2189; x_wconf 86' lang='lat' dir='ltr'><strong>et</strong></span> <span class='ocrx_word' id='word_1_286' title='bbox 976 2154 1208 2189; x_wconf 89' lang='lat' dir='ltr'><strong>Adamnanus</strong></span> <span class='ocrx_word' id='word_1_287' title='bbox 1235 2156 1319 2190; x_wconf 91' lang='lat' dir='ltr'><strong>olim</strong></span> <span class='ocrx_word' id='word_1_288' title='bbox 1343 2157 1648 2202; x_wconf 89' lang='lat' dir='ltr'><strong>conjunctissimas</strong></span> <span class='ocrx_word' id='word_1_289' title='bbox 1678 2170 1764 2204; x_wconf 88' lang='lat' dir='ltr'><strong>gen-</strong></span> 
     </span>
     <span class='ocr_line' id='line_1_32' title="bbox 387 2212 1764 2261; baseline 0.003 -16"><span class='ocrx_word' id='word_1_290' title='bbox 387 2217 438 2245; x_wconf 84' lang='lat' dir='ltr'><strong>tes</strong></span> <span class='ocrx_word' id='word_1_291' title='bbox 468 2212 505 2244; x_wconf 92' lang='lat' dir='ltr'><strong>in</strong></span> <span class='ocrx_word' id='word_1_292' title='bbox 535 2212 751 2245; x_wconf 84' lang='lat' dir='ltr'><strong>concordiam</strong></span> <span class='ocrx_word' id='word_1_293' title='bbox 781 2212 949 2257; x_wconf 86' lang='lat' dir='ltr'><strong>redigere,</strong></span> <span class='ocrx_word' id='word_1_294' title='bbox 979 2213 1074 2245; x_wconf 89' lang='lat' dir='ltr'><strong>ultro</strong></span> <span class='ocrx_word' id='word_1_295' title='bbox 1104 2213 1260 2256; x_wconf 89' lang='lat' dir='ltr'><strong>citroque</strong></span> <span class='ocrx_word' id='word_1_296' title='bbox 1290 2213 1468 2257; x_wconf 87' lang='lat' dir='ltr'><strong>frequenti</strong></span> <span class='ocrx_word' id='word_1_297' title='bbox 1498 2215 1553 2248; x_wconf 91' lang='lat' dir='ltr'><strong>usi</strong></span> <span class='ocrx_word' id='word_1_298' title='bbox 1588 2216 1764 2261; x_wconf 82' lang='lat' dir='ltr'><strong>legatione</strong></span> 
     </span>
     <span class='ocr_line' id='line_1_33' title="bbox 386 2267 1764 2314; baseline 0.004 -14"><span class='ocrx_word' id='word_1_299' title='bbox 386 2267 519 2302; x_wconf 85' lang='lat' dir='ltr'><strong>frustra</strong></span> <span class='ocrx_word' id='word_1_300' title='bbox 535 2279 570 2300; x_wconf 90' lang='lat' dir='ltr'><strong>se</strong></span> <span class='ocrx_word' id='word_1_301' title='bbox 587 2278 659 2300; x_wconf 88' lang='lat' dir='ltr'><strong>rem</strong></span> <span class='ocrx_word' id='word_1_302' title='bbox 678 2272 829 2302; x_wconf 90' lang='lat' dir='ltr'><strong>tentasse</strong></span> <span class='ocrx_word' id='word_1_303' title='bbox 846 2269 1047 2309; x_wconf 85' lang='lat' dir='ltr'><strong>sentientes,</strong></span> <span class='ocrx_word' id='word_1_304' title='bbox 1065 2269 1109 2302; x_wconf 86' lang='lat' dir='ltr'><strong>ad</strong></span> <span class='ocrx_word' id='word_1_305' title='bbox 1133 2269 1291 2303; x_wconf 91' lang='lat' dir='ltr'><strong>divinam</strong></span> <span class='ocrx_word' id='word_1_306' title='bbox 1316 2281 1418 2314; x_wconf 87' lang='lat' dir='ltr'><strong>opem</strong></span> <span class='ocrx_word' id='word_1_307' title='bbox 1441 2282 1631 2312; x_wconf 86' lang='lat' dir='ltr'><strong>recurrere,</strong></span> <span class='ocrx_word' id='word_1_308' title='bbox 1656 2273 1764 2306; x_wconf 89' lang='lat' dir='ltr'><strong>sacris</strong></span> 
     </span>
     <span class='ocr_line' id='line_1_34' title="bbox 389 2324 1766 2372; baseline 0.003 -14"><span class='ocrx_word' id='word_1_309' title='bbox 389 2324 698 2368; x_wconf 83' lang='lat' dir='ltr'><strong>supplicationibus</strong></span> <span class='ocrx_word' id='word_1_310' title='bbox 726 2326 833 2359; x_wconf 88' lang='lat' dir='ltr'><strong>variis</strong></span> <span class='ocrx_word' id='word_1_311' title='bbox 858 2326 897 2359; x_wconf 88' lang='lat' dir='ltr'><strong>in</strong></span> <span class='ocrx_word' id='word_1_312' title='bbox 921 2325 1073 2360; x_wconf 88' lang='lat' dir='ltr'><strong>Albione</strong></span> <span class='ocrx_word' id='word_1_313' title='bbox 1099 2327 1182 2360; x_wconf 87' lang='lat' dir='ltr'><strong>locis</strong></span> <span class='ocrx_word' id='word_1_314' title='bbox 1208 2327 1337 2370; x_wconf 89' lang='lat' dir='ltr'><strong>quibus</strong></span> <span class='ocrx_word' id='word_1_315' title='bbox 1363 2328 1431 2371; x_wconf 90' lang='lat' dir='ltr'><strong>ipsi</strong></span> <span class='ocrx_word' id='word_1_316' title='bbox 1458 2328 1599 2368; x_wconf 87' lang='lat' dir='ltr'><strong>affuere,</strong></span> <span class='ocrx_word' id='word_1_317' title='bbox 1626 2340 1690 2372; x_wconf 87' lang='lat' dir='ltr'><strong>pro</strong></span> <span class='ocrx_word' id='word_1_318' title='bbox 1712 2340 1766 2362; x_wconf 90' lang='lat' dir='ltr'><strong>re-</strong></span> 
     </span>
     <span class='ocr_line' id='line_1_35' title="bbox 389 2381 1765 2430; baseline 0.005 -17"><span class='ocrx_word' id='word_1_319' title='bbox 389 2392 474 2426; x_wconf 90' lang='lat' dir='ltr'><strong>gum</strong></span> <span class='ocrx_word' id='word_1_320' title='bbox 498 2381 653 2414; x_wconf 88' lang='lat' dir='ltr'><strong>omnium</strong></span> <span class='ocrx_word' id='word_1_321' title='bbox 679 2392 858 2423; x_wconf 87' lang='lat' dir='ltr'><strong>consensu,</strong></span> <span class='ocrx_word' id='word_1_322' title='bbox 883 2383 994 2417; x_wconf 82' lang='lat' dir='ltr'><strong>factis.</strong></span> <span class='ocrx_word' id='word_1_323' title='bbox 1045 2383 1182 2418; x_wconf 89' lang='lat' dir='ltr'><strong>Ferunt</strong></span> <span class='ocrx_word' id='word_1_324' title='bbox 1206 2385 1446 2419; x_wconf 88' lang='lat' dir='ltr'><strong>sanctissimos</strong></span> <span class='ocrx_word' id='word_1_325' title='bbox 1470 2385 1651 2430; x_wconf 84' lang='lat' dir='ltr'><strong>pontifices</strong></span> <span class='ocrx_word' id='word_1_326' title='bbox 1676 2386 1765 2420; x_wconf 89' lang='lat' dir='ltr'><strong>obti-</strong></span> 
     </span>
    </p>
   </div>
  </div>
 </body>
</html>
