2032 2912
339 311 404 342 312
722 306 955 340 HISTORIA
980 305 1357 339 ECCLESIASTICA

391 405 524 440 Caesus
542 403 661 449 gladio
679 413 772 436 anno
791 411 880 436 Dec.
900 401 1030 436 colitur
1048 410 1116 436 XV.
1136 401 1239 435 Maii.

798 518 833 552 S.
862 516 1137 552 GERESINA.
1189 519 1273 550 580.

341 635 377 669 S.
405 634 633 675 GERESINA,
665 638 829 669 matrona
859 645 899 668 ac
930 632 1070 667 Siciliae
1096 633 1231 679 regina,
1258 632 1403 667 natione
1430 631 1546 674 Scota,
1573 644 1675 668 soror
1700 632 1736 667 S.

340 693 482 733 Dariae,
508 696 701 727 matertera
727 691 763 726 S.
791 692 955 731 Ursulae‚
987 695 1103 725 mater
1128 702 1214 725 vero
1241 690 1276 724 S.
1305 689 1472 731 Adriani,
1503 691 1675 735 principis
1702 696 1738 725 et

340 750 523 796 martyris,
542 755 649 795 atque
667 749 822 784 filiarum
841 749 1001 789 Babilae‚
1019 747 1172 789 Aureae,
1199 747 1223 781 J
1225 748 1329 788 uliae,
1356 752 1391 782 et
1416 747 1610 788 Victoriae,
1636 759 1737 783 soror

340 809 465 843 itidem
483 808 519 843 S.
539 808 702 842 Macririi
726 807 892 852 episcopi,
918 810 961 840 ut
986 811 1110 840 narrat
1136 805 1236 840 Petri
1263 805 1458 852 Catalogus
1484 806 1545 840 lib.
1575 815 1631 840 IX.
1659 818 1735 851 cap.

341 875 502 901 XXCVII.
525 865 664 900 Audita
677 870 881 900 sanctarum
894 864 1059 898 undecim
1071 864 1224 897 millium
1239 863 1423 909 virginum
1438 864 1736 910 peregrinatione,

341 936 385 958 ex
403 923 579 958 Siciliain
598 923 808 958 Germanias
826 922 1019 962 advolavit,
1043 921 1106 955 ubi
1131 932 1211 956 cum
1238 921 1283 955 iis
1309 932 1424 965 passa,
1451 932 1547 955 nunc
1573 921 1737 955 Treviris

341 982 447 1016 cubat
459 982 498 1015 in
509 981 677 1016 coenobio
696 980 732 1014 S.
749 980 938 1014 Matthiae.
982 978 1143 1013 Annales
1157 978 1424 1023 Archiepiscop.
1440 979 1626 1013 Treviren.
1641 980 1736 1024 apud

339 1038 363 1072 J
365 1050 443 1073 oan.
468 1038 694 1073 Gualterium
721 1049 802 1084 pag.
823 1045 1035 1071 MCDXXIX.
1086 1036 1237 1071 Venisse
1255 1041 1375 1071 autem
1393 1047 1471 1071 eam
1489 1047 1571 1071 cum
1588 1037 1736 1082 reliquis

340 1097 538 1137 Coloniam,
561 1095 655 1130 Aeta
672 1095 978 1139 Archiepiscopat.
1005 1093 1227 1128 Coloniensis
1254 1095 1453 1139 loquuntur
1470 1095 1566 1140 apud
1584 1095 1736 1129 eundem

340 1154 567 1189 Gualterium
585 1153 764 1188 Chronico
783 1151 947 1186 Chronic.
975 1163 1056 1198 pag.
1076 1159 1251 1186 MCCLIX.
1278 1162 1343 1186 nec
1367 1152 1462 1187 ullae
1488 1152 1578 1187 aliae
1604 1153 1648 1187 de
1673 1153 1736 1187 illa

340 1213 437 1257 apud
454 1223 511 1246 me
528 1212 731 1247 memoriae.

388 1270 500 1305 Passa
523 1274 577 1305 est
600 1280 695 1304 anno
716 1277 855 1304 eDLIV.
908 1267 1049 1302 Colitur
1066 1279 1148 1304 cum
1165 1268 1245 1304 aliis
1262 1268 1320 1304 die
1337 1268 1529 1309 communi,
1554 1277 1644 1305 XXI.
1663 1267 1736 1303 No-

337 1328 503 1363 vembris.

859 1441 895 1475 S.
923 1439 1073 1476 GERO.
1127 1443 1213 1477 581.

341 1559 377 1593 S.
397 1558 528 1599 GERQ
552 1559 673 1593 sinon
692 1557 829 1598 Scotus,
857 1561 951 1592 certe
977 1556 1106 1591 Scotiei
1132 1556 1168 1592 S.
1196 1557 1425 1593 Pantaleonis
1451 1558 1609 1593 coenobii
1634 1559 1735 1595 Colo-

340 1618 422 1651 niae
448 1617 567 1657 abbas,
596 1616 692 1661 quod
717 1615 862 1660 quidem
889 1615 1097 1649 coenobium
1123 1614 1351 1656 Wilhelmus,
1377 1615 1507 1650 Achaii
1533 1617 1627 1663 regis
1655 1617 1736 1652 Sco-

341 1676 411 1709 tiae
443 1674 565 1715 frater,
596 1679 677 1719 post
711 1672 973 1717 expeditionem
1012 1671 1333 1718 Longobardicam,
1367 1673 1435 1708 sub
1470 1674 1583 1720 signis
1617 1674 1736 1710 Caroli

341 1733 468 1779 Magni
503 1732 653 1767 feliciter
677 1730 918 1770 terminatam,
945 1730 983 1764 in
1013 1730 1167 1776 gratiam
1192 1731 1310 1777 gentis
1339 1742 1424 1766 suae
1449 1732 1644 1774 excitavit3
1676 1734 1733 1768 cui

342 1791 436 1826 Gero
467 1796 569 1825 tanta
599 1789 819 1824 continentia
849 1787 1017 1833 praefuit,
1046 1792 1088 1822 ut
1116 1788 1275 1823 maxima
1301 1793 1337 1823 et
1362 1789 1563 1825 sanctitatis
1589 1795 1625 1825 et
1651 1791 1735 1826 boni

342 1849 527 1896 regiminis
554 1851 767 1894 argumenta
792 1846 989 1891 reliquerit.
1045 1845 1215 1881 Meminit
1233 1847 1310 1893 ejus
1329 1846 1493 1882 Historia
1511 1847 1735 1884 Inventionis

342 1908 377 1942 S.
397 1907 558 1941 Maurini
576 1917 651 1951 cap.
670 1914 743 1940 vn.
770 1909 811 1939 ut
828 1905 955 1939 recitat
973 1903 1100 1938 Surius
1118 1908 1203 1938 tom.
1224 1914 1285 1939 111.
1312 1906 1453 1950 plenius
1471 1905 1678 1942 Gualterius
1696 1916 1733 1940 v.

343 1975 404 2000 CL.
420 1966 456 1999 in
469 1964 572 1999 Actis
583 1962 921 2008 Archiepiscopatus
934 1961 1166 1997 Coloniensis.
1194 1962 1272 1998 Pet.
1285 1963 1490 2010 Bugianus:
1506 1969 1528 1984 ‘⁶
1539 1964 1573 1999 S.
1587 1964 1733 2005 Gerion,

344 2023 452 2058 abbas
471 2022 609 2062 Scotus,
628 2020 807 2056 confessor
821 2020 850 2055 :”
876 2031 975 2055 error
992 2020 1093 2060 levis,
1115 2020 1218 2065 quasi
1237 2021 1331 2056 idem
1356 2025 1448 2057 esset
1473 2032 1553 2056 cum
1573 2033 1614 2056 eo
1631 2023 1735 2070 cujus

343 2081 551 2116 memoriam
586 2080 710 2115 recolit
745 2079 890 2113 ecclesia
924 2088 964 2113 X.
997 2078 1175 2119 Octobris,
1205 2079 1268 2124 qui
1299 2090 1380 2113 cum
1410 2080 1577 2115 trecentis
1614 2081 1734 2116 decem

343 2145 378 2174 et
396 2144 474 2174 octo
492 2139 596 2173 sociis
623 2137 791 2172 Coloniae
816 2147 954 2182 passus,
980 2147 1061 2171 cum
1087 2147 1199 2181 paene
1224 2137 1319 2171 inter
1343 2137 1439 2182 ipsos
1464 2139 1622 2173 sexcenti
1649 2139 1733 2174 anni

344 2202 500 2232 currant.
554 2196 625 2231 Hic
642 2200 763 2231 noster
781 2207 865 2230 vero
883 2194 1141 2230 monasterium
1159 2195 1350 2239 reparavit,
1377 2196 1558 2230 ecclesiam
1577 2197 1731 2239 ornavit,

345 2256 539 2289 claustrum
572 2253 758 2301 magnifice
792 2253 985 2294 decoravit,
1029 2257 1071 2287 ut
1105 2256 1184 2287 acta
1222 2252 1290 2287 loci
1333 2257 1524 2289 testantur.
1593 2254 1734 2300 Scripta

343 2313 536 2358 perierunt.

394 2369 563 2405 Florebat
580 2380 673 2405 anno
691 2378 889 2405 Decccxc.
942 2368 1083 2405 Colitur
1102 2377 1190 2403 XIX.
1210 2368 1349 2404 Martii.
1400 2368 1522 2405 Jacob.
1540 2368 1678 2415 Cheyn.
