2032 2912
362 325 402 354 40
737 317 967 351 HISTORIA
991 312 1362 348 ECCLESIASTICA

364 415 528 451 instituta
544 424 623 448 cum
641 411 778 446 infestis
796 410 904 445 armis
922 409 1042 443 omnia
1062 408 1308 443 obsiderentur
1331 406 1370 440 in
1394 404 1510 446 Italia,
1537 416 1602 439 nec
1625 410 1746 440 tutum

363 477 453 508 esset
469 477 564 506 terra
580 473 643 504 aut
659 468 748 502 mari
766 468 845 507 iter,
864 466 959 500 Pisis
976 466 1148 500 substitit.
1199 464 1349 509 Scripsit

507 526 615 561 Gesta
646 525 859 559 Pisanorum
887 523 950 557 lib.
982 532 1008 557 1.
1038 522 1191 568 eleganti
1221 531 1339 555 versu.
1397 518 1549 554 Initiiun
1575 520 1743 564 poemati,

551 582 646 628 quod
663 582 701 616 in
717 592 844 615 manus
862 591 957 614 meas
975 578 1052 613 MS.
1069 590 1152 613 casu
1170 578 1315 612 Genuae
1332 577 1442 617 venit,
1460 576 1512 611 sic
1528 587 1567 611 se
1584 577 1692 611 habet
1707 586 1715 611 :

658 663 774 691 Pisanas
788 661 871 694 acies,
887 660 972 689 Latio
984 658 1113 688 victricia
1126 663 1187 687 toto

655 710 747 738 Arma
759 718 838 741 cano,
852 707 1029 745 invictasque
1042 710 1117 734 rates
1131 704 1240 733 oriente
1253 703 1381 738 subacto,

655 756 739 791 Quae
753 760 883 784 sanctum
898 753 1015 782 Domini
1029 761 1141 781 rursum
1156 760 1300 780 asseruere
1314 749 1508 789 sepulchrum,

654 802 846 841 Captivosque
858 801 964 830 iterum
978 800 1086 828 duxere
1098 799 1130 827 in
1143 797 1238 826 vincla
1251 803 1398 836 tyrannos,

655 849 772 878 Viribus
785 848 877 877 annisi
892 847 1050 876 Mahometi
1064 845 1233 883 extinguere
1246 849 1363 873 sectam.

407 913 560 959 Vivebat
576 933 668 957 anno
687 930 870 956 Mcccvn.
913 920 1042 966 Cogito
1059 919 1101 953 de
1119 929 1160 952 eo
1176 918 1400 962 publicando,
1414 919 1519 963 plura
1532 918 1627 953 enim
1642 929 1686 952 ex
1701 929 1742 952 eo

358 982 401 1016 de
417 981 521 1016 rebus
538 980 632 1014 illius
650 978 772 1024 populi
790 988 897 1022 quam
915 977 1009 1022 apud
1027 987 1149 1011 omnes
1166 975 1316 1010 Pisanos
1334 975 1453 1011 didici.

824 1147 1149 1184 ARNULPHUS.
1202 1148 1259 1184 61.

353 1267 616 1306 ARNULPHUS‚
635 1263 825 1299 Melrosiae
843 1264 962 1306 abbas,
982 1275 1075 1299 unus
1094 1275 1138 1299 ex
1163 1263 1291 1310 legatis
1316 1264 1379 1309 qui
1397 1264 1550 1299 Romam
1575 1263 1675 1298 missi
1694 1265 1739 1298 ad

354 1323 606 1359 absolutionem
630 1333 651 1356 a
668 1321 781 1356 Lucio
807 1332 899 1366 papa
920 1322 1109 1366 petendam
1126 1332 1192 1366 pro
1210 1321 1310 1368 Rege
1327 1321 1534 1362 Wilhelmo,
1560 1332 1666 1367 quem
1686 1332 1740 1355 sa-

353 1382 419 1415 cris
466 1379 698 1414 interdixerat
744 1378 908 1425 Rogerus
955 1379 1240 1423 archiepiscopus
1287 1377 1537 1420 Eboracensis,
1585 1378 1738 1413 Romam

352 1437 527 1483 profectus
558 1437 691 1471 bullam
721 1436 941 1480 impetravit.
984 1436 1081 1471 Eum
1113 1436 1325 1481 prudentem
1353 1440 1389 1470 et
1418 1436 1611 1471 discretum
1635 1440 1738 1469 vocat

352 1496 513 1541 Rogerus
531 1494 574 1528 de
592 1492 766 1528 Hoveden
783 1492 916 1528 Annal.
935 1505 1011 1539 par.
1031 1502 1056 1528 1.
1075 1504 1157 1540 pag.
1177 1501 1309 1528 ecem.
1361 1492 1511 1538 Scripsit
1534 1493 1625 1528 nihil
1642 1493 1736 1538 quod

352 1557 454 1587 extet.

398 1609 526 1644 Orator
543 1608 740 1643 destinatus
759 1616 984 1643 Mcnxxxn.

814 1721 1151 1756 ALEXANDER.
1204 1719 1263 1756 62.

352 1840 620 1874 ALEXANDER
638 1838 738 1873 ducis
755 1837 931 1873 Albaniae
947 1836 1053 1877 filius,
1078 1836 1203 1872 Jacobi
1229 1836 1280 1872 ΙΙ.
1306 1847 1493 1882 pronep08,
1519 1837 1628 1873 abbas
1654 1837 1736 1873 Sco-

349 1909 413 1931 nae
442 1897 607 1941 primum,
637 1907 677 1930 ac
705 1907 788 1930 mox
819 1895 1003 1930 Moraviae
1033 1894 1229 1939 episcopus.
1291 1894 1363 1929 Hic
1397 1906 1469 1929 non
1503 1895 1622 1930 minus
1657 1896 1733 1942 regi

350 1965 412 1988 suo
445 1954 703 1999 consanguineo
737 1964 842 1998 quam
878 1952 976 1986 Julio
1011 1951 1059 1986 11.
1094 1952 1252 1996 pontifici
1286 1952 1502 1992 carissimus,
1543 1963 1565 1986 a
1602 1953 1733 1998 quibus

350 2010 566 2057 gravissimis
600 2010 767 2055 Europae
800 2010 952 2056 negotiis
986 2010 1236 2054 componendis
1270 2010 1443 2050 addictus,
1477 2014 1614 2044 tantam
1649 2022 1734 2056 gra-

352 2067 483 2107 vitatis,
517 2067 671 2111 pietatis,
705 2067 925 2111 prudentiae,
963 2071 999 2101 et
1024 2067 1243 2102 literaturae
1282 2067 1517 2102 constantiam
1559 2067 1732 2107 exhibuit,

349 2131 390 2158 ut
414 2124 502 2158 nulli
527 2125 607 2168 plus
634 2124 769 2165 Italiae,
796 2128 904 2169 atque
929 2124 1016 2158 adeo
1041 2124 1205 2158 ecclesiae
1231 2124 1435 2159 Catholicae
1459 2135 1531 2169 pax
1556 2129 1592 2159 et
1617 2125 1734 2171 digni-

350 2186 415 2219 tas,
448 2180 659 2215 turbulentis
694 2181 876 2216 Gallorum
915 2185 950 2215 et
988 2180 1255 2227 Aragoniorum
1294 2182 1456 2226 procellis
1497 2182 1634 2227 sopitis,
1675 2182 1732 2216 de-

350 2238 450 2276 beat;
476 2248 557 2271 nam
582 2248 646 2281 pro
672 2249 753 2285 rege
770 2243 890 2273 orator
912 2239 956 2273 ad
975 2238 1140 2273 Carolum
1159 2237 1265 2273 VIII.
1290 2238 1427 2274 Galliae
1450 2250 1570 2285 regem
1589 2239 1729 2279 missus,

350 2294 501 2327 multum
539 2295 706 2329 momenti
745 2296 906 2330 attulisse
948 2296 1047 2330 visus
1089 2301 1143 2330 est
1184 2296 1395 2331 nutantibus
1438 2296 1731 2340 tumentibusque

349 2351 387 2384 in
412 2349 557 2395 Europa
581 2351 695 2386 rebus.
746 2351 815 2386 Sed
840 2353 1006 2387 audiatur
1029 2352 1234 2388 Ludovicus
1260 2353 1560 2388 Guicchiardiuus
1586 2352 1647 2387 lib.
1672 2361 1728 2386 lx.

351 2412 371 2427 “
388 2406 457 2451 Spe
474 2408 567 2452 pacis
585 2408 737 2450 turbata,
755 2409 897 2445 decessu
915 2410 1067 2455 episcopi
1086 2409 1220 2452 Gurcii,
1239 2411 1320 2447 licet
1337 2410 1498 2457 pontifex
1522 2410 1624 2445 illum
1648 2409 1728 2456 sub-
