2032 2912
690 352 865 385 GENTIS
891 350 1166 389 SCOTORUM,
1191 350 1279 382 LIB.
1306 351 1331 382 Ι.
1661 352 1700 380 41

314 448 413 492 sequi
427 446 593 493 jussisset
609 450 737 490 quarto
755 450 895 479 tantum
913 445 969 478 die
986 446 1189 488 episcopum
1208 444 1424 483 Murraviae,
1444 442 1628 477 Scotorum
1647 454 1698 476 re-

314 504 369 548 gis
396 508 582 542 oratorem,
608 506 650 535 ut
675 502 770 546 pacis
796 501 1013 535 conditiones
1036 512 1116 534 cum
1141 501 1325 535 Gallorum
1348 512 1430 546 rege
1457 500 1699 544 disceptaret.”

313 559 364 594 Et
377 560 437 594 lib.
451 569 490 593 x.
504 560 542 593 in
556 559 692 592 limine:
709 562 730 577 “
742 557 909 591 Pontifex
920 561 1107 601 postquam
1121 557 1284 591 Bononia
1295 558 1513 597 discesserat,
1525 557 1570 591 ad
1581 568 1700 603 regem

312 616 505 651 destinavit
521 615 706 648 Scotorum
724 615 892 659 legatum,
915 618 957 647 ut
981 619 1254 657 prosequeretur
1277 615 1399 648 eadem
1416 615 1476 648 illa
1494 615 1589 658 pacis
1608 616 1699 659 capi-

311 677 358 712 ta,
383 684 474 717 quae
496 671 541 705 ab
565 682 606 704 eo
631 682 710 704 cum
734 671 897 714 episcopo
921 669 1099 704 Gurciano
1125 670 1262 714 pridem
1288 671 1418 716 agitari
1444 672 1599 715 coepta.''
1649 671 1699 706 Et

310 729 440 763 ibidem
457 728 524 763 loci
541 728 580 761 in
599 728 826 772 sequentibus
840 738 848 760 :
878 731 900 747 “
917 726 1017 761 Inter
1034 727 1098 761 has
1116 729 1312 761 anxietates
1330 732 1365 761 et
1383 730 1557 771 scopulos,
1572 729 1699 762 victori

309 786 459 820 similior
484 796 592 830 quam
617 785 714 819 victo
740 785 957 818 conditiones
983 784 1131 818 Carolus
1159 795 1221 818 rex
1248 785 1444 828 proposuit,
1470 789 1597 830 agente
1622 796 1700 818 ora-

309 846 384 876 tore
402 841 541 876 Sc0t0.”
583 841 634 876 Et
652 842 772 876 eodem
790 842 880 875 libro
898 842 964 876 sub
981 841 1136 875 medium
1152 851 1161 874 τ
1189 845 1210 860 “
1223 840 1378 874 Demum
1397 842 1580 886 episcopus
1599 842 1699 876 Mur-

308 899 437 939 raviae,
464 899 527 943 qui
553 910 674 943 pacem
700 899 794 933 inter
818 898 1020 943 pontificem
1047 903 1083 932 et
1107 910 1228 944 regem
1255 898 1452 932 Galliarum
1470 903 1696 945 tractaverat,

308 958 382 990 sive
408 956 527 990 animo
553 956 835 1000 conscientiaque
861 960 991 996 motus,
1018 956 1093 989 sive
1118 955 1214 999 quod
1242 955 1501 989 cardinalatum
1532 956 1694 996 ambiret,

307 1025 388 1047 cum
405 1015 543 1047 locutus
561 1013 687 1047 fuisset
704 1024 834 1058 magno
857 1012 979 1047 favore
1003 1013 1041 1046 in
1065 1013 1166 1059 regni
1190 1012 1353 1052 comitiis,
1377 1012 1584 1058 ingentique
1608 1024 1695 1057 pon-

306 1070 409 1104 tificis
427 1071 584 1104 exhibito
602 1070 790 1114 aequitatis
809 1070 1022 1109 testimonio,
1041 1070 1220 1103 decretum
1237 1070 1351 1103 edicto
1369 1070 1510 1113 publico
1527 1070 1609 1111 fuit,
1630 1071 1697 1103 cle-

305 1138 386 1160 rum
404 1128 448 1160 ad
466 1128 587 1161 concil.
607 1127 845 1160 Lateranense
862 1127 1111 1160 mittendum.”
1163 1126 1238 1160 Nec
1256 1131 1375 1160 tamen
1393 1127 1451 1160 ille
1469 1126 1603 1161 frustra
1620 1138 1693 1161 am-

305 1184 395 1217 bivit
412 1195 619 1227 purpuram,
639 1194 721 1217 nam
739 1183 858 1217 Julius
877 1183 926 1216 ΙΙ.
945 1187 999 1217 tot
1017 1182 1208 1216 benefactis
1226 1184 1387 1228 galerum
1406 1183 1609 1222 destinavit,
1633 1185 1694 1217 sed

304 1245 418 1274 morte
434 1244 647 1287 praeventus
665 1250 738 1273 non
755 1239 974 1282 subscripsit,
993 1250 1057 1272 nec
1074 1240 1183 1273 misit.
1210 1239 1404 1283 Appendix
1417 1240 1461 1272 ad
1475 1239 1499 1272 J
1501 1240 1694 1273 oanninum

304 1298 346 1330 de
378 1295 608 1330 Pontificibus
639 1295 823 1335 Romanis,
851 1296 913 1339 qui
944 1295 1077 1338 prodiit
1105 1295 1299 1335 Bononiae,
1331 1296 1391 1329 ubi
1419 1296 1606 1329 cardinalis
1637 1297 1694 1330 hic

302 1353 491 1393 scribitur3
518 1351 711 1396 Appendix
728 1363 812 1386 vero
831 1352 997 1385 editionis
1017 1351 1322 1386 Francofurtinae.
1375 1351 1524 1396 Scripsit

447 1409 540 1443 Acta
558 1408 765 1454 Legationis
784 1420 867 1442 suae
1193 1409 1253 1443 lib.
1274 1418 1299 1442 1.

450 1466 631 1511 Epistolas
648 1477 713 1510 pro
730 1469 831 1509 patre
849 1466 893 1499 ad
911 1465 1079 1499 Carolum
1093 1465 1228 1499 Galliae
1244 1465 1390 1511 Regem,
1405 1467 1498 1510 apud
1513 1477 1618 1510 quem
1633 1468 1690 1501 ille

498 1522 615 1557 Scotia
633 1526 777 1556 exactus
796 1522 1010 1563 ambulabat,
1031 1523 1090 1557 lib.
1112 1532 1135 1557 1.
1189 1522 1246 1557 Jo.
1266 1522 1434 1558 Leslaeus
1452 1523 1513 1557 lib.
1534 1532 1622 1557 V111.

350 1580 490 1614 Floruit
507 1591 599 1614 anno
619 1587 940 1614 MCCCCLXXXHI.

792 1755 1077 1790 ALDREDUS.
1131 1756 1188 1790 63.

301 1868 528 1903 ALDREDUS
558 1868 852 1913 archiepiscopus,
880 1880 959 1903 cum
986 1869 1132 1915 Edgaro
1158 1869 1313 1915 Angliae
1343 1881 1424 1915 rege
1451 1882 1471 1904 a
1497 1869 1686 1905 Guilielmo

301 1926 483 1960 Normano
506 1927 641 1970 pulsus,
665 1926 703 1960 in
726 1925 880 1960 Scotiam
904 1927 1053 1971 appulit.
1079 1926 1406 1961 Malmesburiensis
1430 1927 1490 1961 lib.
1516 1936 1576 1961 111.
1603 1939 1683 1974 pag.

300 1991 417 2016 Lvm.
463 1982 621 2027 >Scripsit

377 2048 380 2051 “
445 2040 516 2074 Pro
534 2039 679 2086 Edgaro
697 2040 796 2086 Rege
810 2045 932 2074 contra
947 2040 1190 2085 Tyrannidem
1204 2040 1479 2081 Normamrum,
1493 2053 1564 2086 quo
1579 2053 1683 2086 opere

495 2101 570 2131 tota
588 2097 817 2132 successionis
836 2097 1056 2143 Anglicanae
1079 2098 1228 2132 materia
1251 2091 1352 2142 plene
1378 2099 1546 2143 aperitur.
1599 2099 1684 2133 Alia

493 2154 645 2189 Balaeus
663 2160 857 2195 enumerat,
876 2156 937 2189 sed
954 2166 1025 2188 non
1045 2155 1130 2189 vidi.
1169 2200 1172 2203 Ι

445 2210 626 2255 Epistolas
644 2212 689 2245 ad
706 2211 842 2246 Exules
859 2212 920 2246 lib.
937 2221 962 2245 Ι.
1000 2212 1137 2247 Multae
1156 2218 1233 2247 tum
1253 2213 1419 2253 familiae,
1438 2224 1557 2259 regem
1576 2225 1680 2248 suum

491 2280 535 2302 ex
561 2267 696 2314 Anglia
720 2274 870 2310 secutae,
900 2270 939 2303 in
969 2268 1086 2304 Scotia
1117 2270 1359 2304 consederunt.
1421 2269 1587 2305 Leslaeus
1618 2271 1678 2305 lib.

493 2334 547 2359 v1.

344 2382 486 2427 Agebat
504 2382 541 2416 in
559 2382 675 2418 Scotia
693 2394 786 2417 anno
806 2393 953 2418 MLXVI.
1008 2384 1078 2418 Hic
1096 2395 1160 2419 rex
1176 2386 1341 2420 alumnus
1359 2384 1496 2420 Scotiae
1513 2391 1577 2420 est.

974 2450 1000 2474 G
