2032 2912
389 303 454 336 276
776 304 1009 337 HISTORIA
1033 304 1408 340 ECCLESIASTICA

392 399 541 444 Scripsit
557 399 615 432 hic

536 456 719 501 Epistolas
738 458 783 491 ad
802 457 1023 492 Baithenum
1041 457 1220 494 Abbatem
1381 460 1443 494 lib.
1465 469 1490 495 1.

536 514 630 549 Acta
648 515 842 550 Columbae
1383 518 1444 553 lib.
1465 527 1489 552 Ι.

436 573 575 608 Claruit
593 585 687 608 anno
706 582 904 608 DLXXXII.

845 690 881 725 S.
909 690 1189 726 FINDOCHA.
1243 694 1326 726 508.

384 806 419 840 S.
440 806 665 841 FINDOCHA
683 807 787 854 virgo
805 818 938 854 magna
963 808 1164 843 sanctitatis
1190 808 1287 843 fama
1314 808 1382 843 sub
1404 820 1487 855 rege
1510 809 1677 845 Conrauo
1702 812 1788 846 dici-

383 870 444 899 tur
461 864 634 906 floruisse,
652 877 692 900 ac
709 866 827 900 nescio
844 877 891 900 an
908 877 980 900 non
999 877 1072 900 una
1089 878 1130 900 ea
1148 878 1192 901 ex
1210 865 1246 901 S.
1265 866 1467 902 Donevaldi
1484 867 1637 909 filiabus,
1655 870 1686 903 si
1701 881 1786 904 vera

384 927 437 958 cst
454 924 679 969 quorundam
698 924 919 968 supputatim
973 923 1067 970 Ejus
1085 930 1139 959 est

530 981 585 1016 De
602 981 690 1016 Vita
707 981 997 1026 Contemplativa
1015 981 1340 1017 Commentariolus
1426 984 1487 1019 lib.
1509 993 1534 1019 1.

431 1039 587 1074 Vivebat
604 1052 698 1074 anno
716 1049 864 1074 DXXVI.
917 1040 1103 1075 Recolitur
1122 1041 1199 1087 ejus
1218 1052 1318 1075 sacra
1336 1043 1508 1077 memoria
1525 1043 1581 1077 die
1604 1053 1698 1078 XIII.
1718 1043 1787 1078 Oc-

382 1098 504 1133 tobris.
559 1098 711 1133 Kalend.
730 1097 864 1132 Adami
883 1098 1004 1145 Regii.

791 1215 826 1249 S.
855 1214 1236 1250 FLORENTINUS.
1290 1219 1374 1255 509.

379 1334 414 1367 S.
434 1333 749 1373 FLORENTINUS,
766 1332 862 1379 regis
880 1331 1069 1367 Scotorum
1087 1332 1193 1374 filius,
1222 1334 1279 1367 vir
1304 1333 1505 1369 incredibili
1531 1335 1719 1370 sanctitate
1746 1336 1783 1369 in

378 1391 504 1425 Galliis
536 1391 675 1431 colitur,
706 1391 840 1435 templo
871 1391 903 1424 ei
934 1391 972 1424 in
1002 1401 1146 1425 nemore
1176 1392 1388 1427 densissimo
1418 1393 1580 1427 dedicato
1609 1393 1648 1428 in
1679 1394 1783 1428 Cam-

378 1450 485 1493 pania
502 1460 575 1484 non
598 1450 704 1494 longe
728 1448 980 1495 Lingonibus:
1007 1448 1109 1494 cujus
1128 1450 1215 1490 vita,
1234 1450 1279 1484 ab
1305 1450 1439 1485 incerto
1466 1455 1610 1486 auctore
1636 1452 1780 1496 scripta,

379 1517 467 1542 XIX.
487 1507 663 1552 capitibus
681 1507 895 1541 continetur.
936 1512 957 1527 “
977 1517 1002 1542 1.
1022 1506 1102 1541 Rex
1121 1507 1260 1542 Scotiae
1278 1507 1351 1543 filio
1369 1520 1434 1543 suo
1453 1508 1664 1544 Florentino
1682 1521 1780 1544 coro-

378 1578 461 1600 nam
479 1566 594 1606 offert,
614 1570 651 1600 et
668 1565 755 1610 quid
774 1565 817 1599 de
835 1577 877 1599 ea
894 1566 1070 1605 videatur,
1088 1566 1240 1610 quaerit,
1259 1567 1320 1601 sed
1338 1567 1406 1601 sub
1423 1571 1564 1602 noctem
1587 1568 1779 1613 intempes-

378 1631 451 1658 tam
470 1625 618 1670 angelus
637 1624 668 1657 ei
688 1624 882 1657 discessum
899 1624 1058 1658 nunciat.
1099 1633 1142 1658 11.
1163 1623 1394 1658 Florentinus
1409 1625 1549 1659 itineris
1563 1626 1619 1659 sui
1634 1626 1780 1660 comites

377 1684 528 1729 triginta
546 1682 760 1726 optimatum
780 1680 871 1716 filios
890 1682 1008 1727 elegit,
1033 1682 1163 1727 quibus
1187 1693 1354 1716 coronam
1381 1684 1546 1718 ostendit.
1599 1693 1659 1718 111.
1688 1684 1778 1719 Orat

378 1743 504 1781 Deum,
534 1740 648 1785 possit.
671 1751 767 1773 mare
794 1740 969 1786 trajicere,
997 1744 1032 1774 et
1053 1741 1201 1786 angelus
1225 1752 1244 1774 e
1267 1741 1363 1775 coelo
1387 1752 1528 1775 crucem
1552 1741 1678 1782 defert,
1705 1754 1777 1787 qua

377 1800 521 1845 trajicit.
601 1807 654 1832 IV.
692 1798 773 1843 Ipse
805 1809 886 1832 cum
915 1798 1018 1832 sociis
1049 1798 1144 1832 cruci
1179 1798 1338 1833 insidens
1373 1800 1554 1846 enavigat.
1616 1809 1654 1834 V.
1682 1800 1777 1835 Mari

376 1859 536 1904 trajecto,
557 1862 708 1902 oportet,
726 1857 857 1902 inquit,
881 1857 1067 1904 sigillatim
1094 1856 1262 1901 separari,
1289 1861 1330 1891 ut
1355 1856 1434 1891 Deo
1460 1859 1670 1893 serviamus.
1723 1868 1777 1893 VI.

376 1917 569 1951 Bonettam
587 1915 713 1950 urbem
732 1915 909 1956 accedens,
927 1926 1117 1960 porcorum
1136 1915 1317 1949 custodiae
1335 1926 1372 1949 se
1390 1916 1483 1950 locat
1497 1925 1636 1950 XXXII.
1651 1928 1774 1951 annos.

376 1985 447 2009 VII.
476 1975 519 2009 In
538 1985 609 2018 quo
627 1974 795 2008 subulcus
814 1972 895 2014 fuit,
914 1973 994 2007 fons
1012 1977 1077 2013 est,
1096 1977 1131 2007 et
1150 1972 1308 2007 baculus.
1350 1982 1441 2008 VIII.
1469 1973 1602 2009 Porcos
1620 1975 1665 2009 ad
1685 1986 1776 2009 nun-

375 2035 477 2068 dinas
496 2033 742 2079 Lingonenses
761 2031 877 2065 duxit.
931 2040 987 2065 IX.
1007 2031 1149 2072 Caecos,
1169 2032 1324 2072 claudos,
1344 2036 1463 2066 mutos
1481 2036 1595 2066 sanat.
1649 2042 1688 2067 X.
1709 2033 1776 2068 Ca-

376 2093 565 2126 codaemon
583 2091 622 2125 in
635 2090 751 2125 forma
764 2091 902 2135 puellae
916 2089 1193 2124 formosissimae
1208 2090 1239 2124 ei
1253 2091 1427 2124 annulum
1441 2090 1646 2135 pronubum
1661 2092 1775 2132 offert,

376 2151 494 2184 dicens
513 2150 613 2184 illum
635 2160 710 2184 esse
729 2148 917 2183 Scotorum
935 2148 1030 2195 regis
1044 2147 1169 2183 filium.
1215 2157 1273 2183 XI.
1288 2148 1381 2183 Cum
1393 2148 1647 2184 cacodaemone
1660 2151 1775 2185 tribus

377 2209 499 2243 (liebus
519 2213 554 2242 et
572 2208 722 2242 totidem
740 2207 904 2241 noctibus
929 2207 1005 2241 sine
1028 2207 1197 2241 missione
1223 2212 1374 2253 pugnat.
1428 2216 1503 2240 XII.
1531 2206 1776 2243 Cacodaemon

375 2271 523 2301 conatur
534 2277 676 2300 sensum
688 2266 720 2300 ei
733 2266 880 2311 eripere.
917 2274 1010 2299 XIII.
1026 2264 1202 2299 Baculum
1216 2265 1318 2299 humi
1332 2264 1456 2299 defixit
1469 2265 1702 2308 dormiturus,
1713 2269 1775 2312 qui

376 2325 474 2359 fonte
487 2328 566 2358 orto
580 2324 714 2358 radices
733 2324 818 2370 egit.
859 2333 944 2358 XIV.
966 2323 1098 2358 Incidit
1112 2323 1150 2357 in
1168 2323 1344 2363 morbum,
1363 2328 1399 2357 et
1417 2324 1565 2370 angelus
1580 2325 1773 2359 transitum

376 2382 532 2423 nunciat,
549 2382 629 2427 quis
643 2383 701 2423 sit,
723 2382 857 2427 pastori
871 2383 1017 2416 revelat.
1059 2390 1128 2416 XV.
1149 2381 1247 2422 Obit,
1261 2381 1505 2427 praescribens
1518 2386 1560 2416 ut
1574 2393 1615 2416 eo
1628 2383 1694 2416 loci
1708 2383 1774 2417 hu-

376 2446 544 2482 maretur,
571 2452 643 2485 quo
669 2441 740 2475 duo
761 2440 856 2475 tauri
882 2440 1004 2475 currui
1030 2440 1240 2484 impositum
1266 2439 1457 2475 deferrent.
1510 2448 1596 2474 XVI.
1624 2439 1668 2474 In
1687 2440 1771 2475 den-
