2032 2912
706 344 882 378 GENTIS
905 341 1183 380 SCOTORUM,
1209 341 1298 375 LIB.
1322 341 1349 373 1.
1640 385 1642 387 q
1681 340 1721 370 15

331 449 456 475 xxnl.
475 450 555 474 eum
575 444 678 474 vocat
696 442 718 458 “
730 438 990 472 nobilissimum
1004 438 1061 471 sui
1074 436 1244 482 temporis
1257 435 1482 481 magistrum,
1495 444 1569 468 non
1580 434 1718 472 suum,'’

331 499 425 532 claro
450 501 660 542 argumento
685 495 722 529 id
748 506 823 528 esse
850 494 992 534 falsum,
1018 494 1174 538 adeoque
1204 494 1280 538 ipse
1308 493 1410 527 Beda
1434 492 1473 526 in
1502 490 1720 536 praefatione

332 554 506 601 Anglicae
525 552 720 591 Historiae,
738 552 840 584 illum
858 561 930 585 non
947 550 1173 595 discipulum,
1199 551 1260 584 sed
1286 551 1455 596 collegam
1482 549 1625 583 videtur
1642 559 1721 593 cog-

336 622 489 650 noscere,
507 608 700 644 honorifico
721 619 806 641 sane
832 608 968 653 elogio;
995 608 1047 641 ita
1064 607 1159 640 enim
1182 608 1263 641 ille:
1291 611 1313 626 “
1330 607 1469 641 Auctor
1492 611 1574 640 ante
1600 616 1721 640 omnes

331 672 438 712 atque
463 667 607 712 adjutor
627 666 736 711 hujus
754 665 870 708 operis
892 663 1073 698 Albuinus
1095 664 1203 698 abbas
1225 663 1554 703 reverendissimus,
1578 663 1635 697 vir
1656 674 1720 707 per

331 725 452 759 omnia
469 723 706 763 doctissimus,
725 721 880 757 extitit.”
931 721 1093 755 Certiora
1110 732 1195 767 ergo
1213 725 1299 755 sunt
1315 720 1537 764 inquirenda.

380 781 601 822 Quibusdam
619 780 729 814 levita
744 780 858 820 audit,
878 779 957 813 aliis
975 778 1082 812 abbas
1100 778 1307 812 monasterii
1321 777 1357 812 S.
1373 777 1525 811 Martini
1539 776 1724 810 Turonen-

331 839 391 880 sis,
419 839 481 872 sed
506 838 719 883 praecipuus
745 837 778 871 ei
804 837 929 876 honor,
956 835 1074 870 Caroli
1101 835 1228 881 Magni
1254 835 1414 869 animum
1438 834 1595 868 scientiis
1626 845 1724 868 exco-

332 896 451 930 luisse.
515 895 634 934 Quare
664 894 858 929 monachus
892 893 1131 939 Sangallensis
1165 903 1377 938 anonymus,
1412 892 1450 925 in
1483 890 1572 926 Vita
1605 891 1723 925 Caroli

333 953 471 999 Magni,
498 952 643 986 honoris
661 963 766 986 causa
782 955 1045 996 praeceptorem
1062 954 1175 984 vocat.
1228 949 1435 995 Sigebertus
1461 948 1724 984 Gemblacensis

334 1010 499 1044 Chronic.
518 1010 563 1044 ad
581 1020 714 1043 annum
732 1017 896 1043 DCCXCI.
937 1012 958 1028 ‘⁶
976 1007 1152 1042 Alcuinus
1169 1008 1213 1041 de
1231 1006 1433 1048 Britannia,
1453 1007 1624 1052 magister
1641 1006 1724 1039 deli-

334 1067 447 1101 tiosus
473 1067 567 1112 regis
593 1066 712 1100 Caroli
739 1065 879 1112 Magni,
908 1065 1054 1099 scientia
1079 1065 1265 1098 literarum
1295 1065 1491 1109 praepollet
1515 1064 1555 1097 in
1580 1063 1720 1103 Gallia;

333 1124 436 1170 cujus
465 1124 655 1168 praecipue
685 1123 893 1169 magisterio
923 1123 999 1167 ipse
1028 1133 1091 1155 rex
1122 1133 1242 1156 omnes
1272 1126 1367 1156 artes
1397 1122 1558 1155 liberales
1588 1121 1724 1155 didicit.

335 1180 431 1215 Hinc
447 1181 561 1214 multa
579 1180 755 1224 scripsit,''
770 1179 834 1214 &c.
886 1179 944 1213 Sic
961 1180 1157 1224 importuni
1175 1180 1347 1220 homines,
1367 1179 1454 1213 dum
1471 1189 1556 1213 suae
1573 1178 1725 1212 nimium

335 1238 493 1282 opinioni
511 1241 691 1276 astruunt,
708 1237 852 1281 penitus
871 1241 1048 1270 evertunt.

380 1294 524 1328 Laudat
542 1293 771 1327 Kinehardus
787 1294 827 1327 in
843 1293 931 1328 Vita
949 1293 1068 1326 Caroli
1087 1293 1213 1338 Magni
1229 1303 1238 1326 ι
1266 1298 1287 1313 “
1306 1293 1350 1326 In
1367 1293 1534 1326 discenda
1550 1304 1726 1338 gramma-

334 1351 404 1385 tica
420 1350 569 1384 Petrum
587 1350 759 1384 Pisanum
773 1350 851 1395 jam
869 1361 988 1384 senem
1007 1350 1168 1390 audivit;
1191 1350 1230 1383 in
1247 1350 1395 1384 caeteris
1412 1350 1609 1393 disciplinis
1627 1349 1728 1384 Albi-

333 1419 431 1449 num,
451 1412 684 1453 cognomento
700 1406 909 1446 Alcuinum,
927 1408 1114 1441 diaconum
1132 1407 1175 1440 de
1195 1406 1394 1446 Britannia,
1413 1407 1531 1440 virum
1549 1407 1728 1441 undecun-

333 1476 402 1510 que
427 1465 683 1504 doctissimum,
706 1469 968 1509 praeceptorem
993 1464 1141 1504 habuit3
1169 1464 1264 1507 apud
1289 1475 1395 1508 quem
1419 1468 1455 1498 et
1478 1464 1675 1498 rhetoricae
1692 1469 1727 1498 et

335 1522 547 1561 dialecticae,
565 1522 752 1566 praecipue
770 1526 890 1555 tamen
908 1521 1164 1555 astronomicae
1181 1521 1397 1560 ediscendae,
1421 1521 1617 1565 plurimum
1641 1526 1729 1555 tem-

334 1580 430 1624 poris
448 1584 483 1613 et
500 1579 631 1613 laboris
648 1579 848 1623 impertivit
864 1588 872 1612 ε
899 1579 1055 1613 discebat
1072 1584 1108 1612 et
1126 1583 1238 1612 artem
1263 1579 1504 1623 computandi,
1528 1583 1564 1613 et
1586 1579 1729 1613 intenti-

336 1648 402 1672 one
418 1636 537 1682 sagaci
555 1636 711 1670 siderum
730 1647 874 1670 cursum
893 1636 1131 1669 curiosissime
1148 1636 1380 1670 rimabatur.”
1427 1635 1628 1670 Germanus
1652 1638 1730 1681 qui-

335 1695 428 1734 dam,
439 1693 502 1738 qui
513 1697 656 1737 patrum
668 1693 840 1728 memoria
850 1693 1022 1738 quaedam
1034 1693 1065 1739 ej
1072 1705 1112 1727 us
1126 1693 1345 1738 publicavit:
1368 1697 1390 1713 “
1403 1693 1592 1734 Alcuinus,
1607 1699 1731 1728 auctor

336 1751 468 1796 ubique
494 1751 586 1795 pius,
612 1750 746 1795 ubique
762 1751 899 1790 doctus,
917 1750 1129 1791 succinctus,
1146 1754 1322 1791 maturus,
1343 1752 1476 1797 gravis,
1494 1751 1642 1785 scientia
1658 1753 1730 1795 ple-

337 1819 415 1848 nus,
433 1812 469 1842 et
486 1812 569 1842 ante
590 1819 713 1842 omnes
736 1808 823 1842 alios
847 1819 888 1841 ea
911 1813 1026 1842 aetate
1048 1808 1179 1853 dignus
1202 1809 1265 1853 qui
1288 1809 1453 1842 manibus
1477 1813 1624 1848 teratur,
1647 1820 1732 1854 gen-

337 1870 373 1899 te
387 1865 528 1905 Scotus,
550 1865 817 1899 conversatione
843 1864 1000 1899 Gallus.”
1050 1864 1212 1899 Incertus
1230 1870 1354 1899 auctor
1370 1865 1568 1899 Annalium
1586 1865 1733 1902 Franci-

337 1933 472 1962 corum,
489 1933 511 1956 a
528 1921 637 1956 Petro
655 1922 806 1956 Pithoeo
824 1924 952 1963 editus,
966 1923 1012 1957 ad
1029 1933 1163 1956 annum
1182 1931 1374 1957 Dccxcw.
1393 1927 1414 1942 ‘⁶
1429 1922 1498 1956 His
1512 1923 1732 1968 temporibus

338 1979 525 2019 Alcuinus,
543 1985 780 2026 cognomento
796 1980 963 2020 Albinus,
981 1980 1170 2014 sanctitate
1189 1985 1223 2014 et
1237 1980 1398 2014 doctrina
1411 1981 1526 2014 clarus
1539 1980 1692 2015 habetur
1704 1982 1733 2015 :”

337 2037 400 2081 qui
416 2038 516 2072 locus
538 2049 604 2072 nos
627 2038 729 2071 docet
753 2038 903 2071 eundem
927 2049 1002 2072 esse
1025 2037 1222 2071 Alcuinum
1246 2042 1281 2071 et
1304 2037 1516 2078 Albuinum,
1541 2038 1637 2082 quod
1661 2049 1732 2073 non

338 2095 515 2129 neminem
541 2095 658 2129 torsit.
710 2094 829 2139 Ipsius
856 2094 974 2128 Caroli
1001 2095 1127 2141 Magni
1154 2095 1304 2139 epistola
1326 2099 1425 2129 extat
1449 2096 1487 2128 in
1511 2094 1734 2130 Bibliotheca

340 2150 401 2185 SS.
429 2151 592 2191 Patrum,
618 2163 700 2186 eum
726 2163 797 2186 non
824 2153 1048 2186 mediocriter
1073 2153 1264 2187 laudantis.
1316 2152 1458 2197 Scripta
1483 2153 1560 2198 ejus
1578 2153 1735 2188 eminen-

342 2209 433 2243 tiora
449 2209 537 2243 haec
549 2214 640 2243 sunt
654 2219 663 2243 ε

485 2265 640 2301 Divinae
661 2267 840 2302 Historiae
857 2267 1036 2302 Correctio
1177 2268 1238 2302 lib.
1258 2276 1284 2300 1.
1308 2267 1481 2313 Sigebert.
1493 2268 1569 2302 loco
1579 2269 1734 2303 laudato.

487 2323 542 2357 De
559 2324 595 2357 S.
615 2323 795 2358 Trinitate
1180 2325 1241 2359 lib,
1260 2334 1286 2359 Ι.
1309 2325 1475 2359 hortante
1489 2324 1618 2360 Carolo
1636 2326 1734 2373 Mag.

486 2380 541 2414 De
558 2380 701 2415 Divinis
719 2381 852 2416 Officiis
1178 2383 1239 2417 lib.
1259 2392 1284 2417 1.

488 2437 634 2472 Ordinis
652 2438 806 2473 Romani
824 2439 1013 2484 Expositio
1039 2467 1041 2470 .
1166 2445 1264 2475 tom.
1284 2450 1311 2476 1.
1338 2441 1509 2477 Biblioth.
1528 2442 1590 2477 SS.
1611 2441 1708 2476 Patr.
