2032 2912
666 355 843 389 GENTIS
868 354 1258 394 SCOTORUMTLIB.
1283 354 1324 386 V.
1630 355 1692 386 ‘257

306 452 448 486 charius
467 451 674 496 episcopalis
691 452 828 498 gratiae
845 451 990 485 functus
1007 452 1150 491 honore,
1171 452 1325 496 palmam
1350 451 1512 495 martyrii
1531 451 1692 495 adeptus,

306 521 432 554 corpus
447 510 491 543 ad
509 509 703 543 Liberdum
717 509 814 555 jacet
829 509 856 543 :'‘
875 514 912 543 at
925 510 1114 555 legendum
1128 513 1215 553 puto
1229 506 1281 542 ad
1292 505 1514 547 Liverdum;
1531 513 1584 542 est
1598 508 1692 542 enim

305 568 343 601 in
362 567 610 612 Lotharingia.
655 565 786 600 Passus
804 571 857 600 est
875 577 968 600 anno
986 575 1147 600 CCCLXI.
1166 572 1336 612 regnante
1354 567 1576 614 Augusiano.
1624 566 1691 600 Co-

305 625 393 659 litur
409 625 466 659 die
484 633 553 658 xv.
572 624 720 658 Januar.
740 632 856 658 XXVI.
876 624 1001 658 Octob.
1020 624 1148 658 menda
1171 629 1225 658 est
1247 625 1285 658 in
1309 625 1512 671 Menologio
1535 635 1613 658 meo
1637 624 1693 657 die

307 691 406 717 XXV.
433 682 530 728 Aug.
558 687 599 716 tu
624 682 674 716 sic
699 682 797 727 lege:
825 686 846 701 “
873 681 917 716 In
943 681 1143 715 Germaniis
1168 681 1339 716 Eucharii
1363 683 1530 727 martyris
1553 687 1589 716 et
1612 693 1694 726 apo-

306 740 399 780 stoli,
417 740 479 784 qui
506 740 550 774 ad
577 739 752 785 evangelii
778 750 867 783 opus
891 750 972 773 cum
998 739 1034 773 S.
1054 739 1161 773 Elifio
1184 739 1295 774 fratre
1318 745 1353 774 et
1377 749 1531 774 xxxul.
1556 741 1692 774 comiti-

307 797 372 831 bus
386 808 422 831 se
437 797 619 831 accinxit.’'
660 796 731 830 Hic
745 797 819 831 dies
833 797 976 831 initium
994 798 1258 843 peregrinitatis
1275 803 1422 833 notatur
1435 799 1471 832 in
1485 798 1693 832 Calendario

306 854 329 888 J
332 855 430 889 acobi
448 854 639 900 Cheynaei.

738 969 774 1004 S.
802 969 1126 1005 EDILTRUDIS.
1178 973 1260 1008 474.

307 1086 343 1121 S.
363 1086 636 1126 EDILTRUDIS,
654 1085 934 1120 Northumbriae
952 1086 1087 1132 regina,
1106 1096 1224 1120 amore
1240 1086 1444 1120 coelestium
1457 1086 1695 1131 praemiorum

308 1155 485 1184 succensa,
505 1143 600 1188 quod
618 1144 656 1177 in
678 1154 788 1189 regno
810 1154 875 1177 suo
897 1148 1077 1187 praestare
1100 1155 1171 1177 non
1194 1144 1323 1188 potuit,
1347 1145 1385 1178 in
1409 1143 1527 1178 Scotia
1549 1144 1696 1188 praesti—

309 1202 376 1241 tit3
396 1213 478 1235 nam
496 1205 686 1246 postquam
704 1201 793 1235 duos
810 1201 957 1235 maritos
975 1201 1149 1235 castitatis
1167 1202 1271 1235 laude
1288 1201 1553 1242 inflammasset,
1571 1203 1697 1246 etipsa

308 1263 517 1303 perpetuam
535 1258 781 1305 virginitatem
804 1259 974 1298 vovisset,
997 1259 1035 1292 in
1060 1258 1298 1305 Coldingham
1323 1259 1501 1293 Merchiae
1524 1263 1697 1293 monaste-

309 1316 363 1350 rio
382 1316 500 1350 velum
518 1316 682 1360 sumpsit,
700 1319 736 1349 et
753 1326 797 1349 ex
814 1315 960 1349 moniali
978 1316 1117 1362 virgine
1135 1316 1316 1350 abbatissa
1333 1318 1452 1357 electa,
1471 1317 1582 1351 vitam
1601 1327 1698 1350 sanc-

309 1373 413 1407 titate
434 1378 469 1407 et
492 1373 604 1419 signis
629 1373 799 1418 inclytam
822 1373 952 1413 duxit3
981 1374 1042 1407 sed
1067 1378 1149 1417 post
1174 1374 1310 1418 aliquot
1335 1385 1446 1408 annos
1471 1375 1509 1407 in
1529 1374 1700 1420 Angliam

310 1430 428 1471 rediit,
447 1431 510 1465 ubi
528 1431 632 1464 beato
648 1429 717 1464 fine
735 1430 906 1474 deposita.
960 1430 1079 1464 Trith.
1099 1430 1160 1465 lib.
1180 1440 1241 1465 111.
1255 1431 1334 1465 Vir.
1349 1431 1459 1466 illust.
1474 1443 1549 1476 cap.
1568 1441 1699 1465 cxxn.

311 1488 614 1534 Martyrologium
628 1487 844 1528 Romanum,
863 1487 935 1521 alii.
979 1487 1041 1522 Fr.
1059 1488 1292 1533 Maurolycus
1307 1499 1490 1533 perperam
1506 1494 1608 1524 vocat
1622 1488 1702 1523 Gel-

310 1545 463 1585 trudem,
490 1545 551 1579 sed
576 1545 693 1591 majus
719 1545 888 1579 mendum
915 1545 953 1579 in
970 1545 1080 1581 Petro
1097 1545 1158 1580 lib.
1177 1554 1214 1579 V.
1234 1545 1347 1580 Catal.
1367 1557 1442 1591 cap.
1462 1555 1591 1580 cxml.
1619 1552 1640 1567 “
1659 1547 1701 1581 In

312 1603 479 1638 coenobio
505 1602 689 1649 virginum
714 1602 813 1637 urbis
838 1602 1022 1644 Concludi,
1048 1604 1116 1638 sub
1141 1604 1340 1638 obedientia
1356 1603 1469 1638 Elbae
1491 1605 1699 1645 abbatissae,

313 1661 446 1695 amicae
467 1660 573 1706 regis,
599 1671 621 1694 a
637 1660 674 1694 S.
695 1659 847 1704 Elprido
865 1661 1025 1695 velamen
1043 1661 1210 1705 accepit.”
1261 1661 1418 1707 Corrige‚
1438 1666 1459 1681 ‘⁶
1473 1662 1516 1696 In
1535 1662 1702 1696 coenobio

313 1718 496 1764 virginum
525 1717 625 1751 urbis
658 1717 798 1757 Coludi‚
830 1718 898 1751 sub
928 1718 1127 1752 obedientia
1155 1718 1289 1759 Ebbae,
1325 1720 1453 1753 amitae
1482 1721 1587 1765 regis,
1615 1731 1637 1753 a
1665 1719 1700 1753 S.

314 1774 484 1809 wilfrido
501 1776 662 1809 velamen
680 1775 812 1819 accepit
825 1775 857 1815 ;'’
874 1786 956 1809 nam
971 1776 1014 1809 de
1032 1776 1093 1810 SS.
1109 1776 1213 1810 Ebba
1230 1781 1265 1810 et
1282 1776 1451 1810 Wilfrido
1468 1777 1534 1811 hoc
1551 1777 1651 1817 libro,
1666 1781 1701 1810 et

315 1842 404 1867 XIX.
456 1832 591 1866 Urbem
609 1831 748 1872 Coludi‚
767 1836 802 1866 et
819 1832 942 1866 urbem
961 1832 1155 1868 Coldanam
1174 1838 1277 1868 vocat
1294 1833 1403 1874 Beda,
1421 1846 1528 1879 quam
1546 1839 1702 1869 nostrate

314 1891 439 1937 lingua
473 1890 729 1934 patrimonium
763 1889 934 1923 comitum
973 1890 1194 1925 Bothweliae
1232 1891 1466 1938 Coldingham
1503 1894 1702 1937 appellant:

317 1959 431 1993 neque
448 1959 521 1982 non
544 1952 639 1981 errat
659 1946 843 1982 Arnoldus
869 1946 990 1982 Uvion
1017 1949 1078 1994 qui
1102 1949 1162 1983 lib.
1189 1958 1248 1983 111.
1272 1949 1354 1995 Lig.
1379 1949 1484 1984 Vitae
1510 1960 1590 1996 pag.
1610 1960 1702 1985 cen.

314 2010 419 2050 putat
436 2005 527 2039 hanc
545 2005 693 2039 eandem
711 2015 787 2039 esse
805 2016 885 2039 cum
904 2006 1003 2052 regia
1016 2007 1156 2052 virgine
1173 2005 1377 2048 Ethelreda,
1397 2018 1477 2041 cum
1495 2012 1530 2042 et
1547 2012 1704 2053 tempore

316 2068 351 2098 et
369 2064 486 2097 cultus
504 2063 561 2097 die
579 2063 859 2109 distinguantur,
880 2068 922 2098 ut
938 2064 1032 2098 infra
1049 2065 1106 2098 hic
1123 2064 1269 2109 patebit.
1320 2064 1469 2109 Scripsit

462 2120 522 2155 Ad
542 2120 717 2154 Maritum
737 2120 872 2167 Regem
1206 2121 1267 2155 lib.
1287 2131 1313 2155 1.

366 2178 505 2213 Floruit
525 2188 619 2213 anno
637 2186 877 2213 Dcnxxx111.
931 2178 1072 2214 Colitur
1090 2187 1211 2213 xvm.
1231 2188 1354 2213 xxm.
1374 2179 1487 2214 Junii.

757 2292 793 2327 S.
822 2294 1128 2329 EAILLANUS.
1181 2296 1264 2332 475.

321 2415 342 2429 ‘⁶
360 2408 398 2443 S.
417 2409 676 2449 EAILLANUS‚
694 2420 758 2444 seu
777 2409 973 2450 Fainanus,
992 2410 1118 2445 Scotus
1137 2410 1310 2450 eruditus,
1328 2410 1423 2455 apud
1441 2409 1608 2445 Sanctum
1628 2410 1710 2445 Gal-

317 2469 391 2502 lum
427 2467 493 2501 hac
528 2467 604 2501 vita
638 2468 818 2508 decessit,”
862 2468 983 2512 inquit
1021 2467 1250 2504 Hermannus
1285 2468 1496 2504 Contractus
1530 2469 1567 2503 in
1601 2469 1711 2504 Chro-
