2032 2912
734 333 910 367 GENTIS
934 334 1211 375 SCOTORUM,
1236 334 1325 368 LIB.
1350 335 1397 368 11.
1705 335 1763 365 101

414 427 517 461 Obiit
533 427 571 462 in
589 426 724 474 Anglia
741 439 836 463 anno
855 437 1134 464 MCCCLXXXH.
1185 428 1424 465 Continuator
1441 428 1613 464 Forduni.

616 540 909 576 GREGORIUS
934 541 1368 579 BRIDLINGTONUS.
1422 547 1502 582 179.

363 655 602 689 GREGORIUS
633 655 908 702 Bridlingtonus
937 655 983 690 ab
1011 656 1142 702 oppido
1174 656 1465 698 Northumbriae,
1495 659 1557 693 ubi
1587 659 1755 693 educatus

361 712 442 751 fuit,
484 723 614 747 nomen
647 712 791 757 accepit,
830 724 872 747 eo
905 712 1039 748 scilicet
1074 718 1244 758 tempore,
1278 724 1350 759 quo
1383 713 1645 750 Northumbria
1678 715 1754 760 regi

362 769 499 803 Scotiae
540 769 699 814 parebat,
743 769 781 804 in
823 769 990 804 coenobio
1033 769 1202 807 Glenluce
1239 771 1454 806 monachum
1487 771 1756 807 cisterciensem

360 826 489 866 induit,
520 830 556 861 et
585 827 742 861 maxima
769 827 971 862 sanctitatis
997 831 1033 862 et
1059 828 1269 862 eruditionis
1294 828 1391 863 fama
1416 827 1559 863 floruit:
1586 829 1645 862 sed
1671 829 1756 873 quia

361 884 454 917 altus
481 889 535 919 est
559 884 598 919 in
624 883 896 925 Northumbria,
922 884 1013 919 falso
1038 884 1140 919 illum
1166 885 1280 921 civem
1305 896 1412 921 suum
1441 885 1553 933 Angli
1584 884 1753 923 fecerunt.

362 939 512 985 Scripsit

508 1000 623 1045 Super
640 1000 788 1036 Cantica
1294 1001 1356 1036 lib.
1376 1010 1402 1035 1.
1446 1036 1448 1038 ,

509 1056 624 1102 Super
641 1058 759 1093 varios
777 1069 897 1093 sacrae
916 1057 1122 1103 Scripturae
1140 1058 1279 1093 Textus
1297 1058 1358 1093 lib.
1378 1067 1481 1093 xxx.
1521 1094 1523 1096 ,
1558 1093 1561 1095 ,

509 1115 707 1150 ὃεηῐιοῐιεε,μ
1294 1116 1356 1151 lib.
1376 1124 1403 1150 Ι.

507 1171 563 1206 De
579 1171 672 1207 Arte
689 1172 845 1208 Musices
1293 1172 1354 1208 lib.
1375 1182 1434 1208 111.

484 1260 487 1261 ⁷
508 1228 681 1264 Lecturas
699 1230 860 1274 publicas
1293 1230 1354 1265 lib.
1374 1239 1400 1264 1.

409 1286 551 1320 Floruit
576 1297 670 1321 anno
698 1295 889 1321 Mccxvn.
918 1287 1026 1321 Hunc
1052 1287 1163 1333 aliqui
1189 1287 1280 1321 falso
1306 1286 1342 1321 S.
1369 1287 1568 1333 Augustini
1594 1288 1753 1333 regulam

359 1344 562 1388 amplexum
578 1343 750 1384 scribunt,
768 1354 849 1379 cum
867 1343 978 1379 fuerit
997 1344 1203 1380 Carmelita.

780 1456 1196 1493 BERENGUIDDUS.
1250 1460 1332 1493 180.

360 1574 696 1609 BERENGUIDDUS
714 1573 852 1614 Scotus,
871 1578 906 1608 et
924 1573 1111 1620 theologus
1133 1574 1372 1615 acutissimus,
1397 1574 1504 1608 etiam
1523 1573 1754 1608 Sorbonensis

359 1631 539 1667 facultatis
563 1632 691 1673 socius,
711 1636 748 1666 et
765 1631 917 1666 eximius
936 1630 1172 1673 concionator,
1197 1636 1238 1667 ut
1256 1642 1300 1666 ex
1316 1631 1341 1665 J
1342 1631 1441 1668 acobi
1459 1631 1590 1677 Langii
1608 1631 1755 1675 epistola

360 1689 513 1733 quadam
531 1693 642 1734 patet,
661 1689 803 1734 scripsit
874 1721 877 1723 .
967 1721 969 1723 ,
1035 1721 1038 1723 Α
1188 1719 1190 1722 .

509 1745 554 1781 In
570 1745 815 1792 Apocalypsin
842 1746 904 1780 lib.
926 1754 951 1779 1.
976 1756 1082 1791 quem
1101 1746 1177 1780 vidi
1194 1746 1232 1781 in
1249 1745 1385 1793 Anglia
1402 1745 1440 1781 in
1458 1744 1615 1791 Collegio
1633 1744 1669 1779 S.
1688 1744 1755 1778 Be-

556 1803 688 1838 nedicti
706 1802 970 1849 Cantabrigiae.

410 1860 564 1896 Vivebat
582 1870 675 1896 anno
694 1868 962 1895 Mccccxnvl„

827 1974 1151 2010 BERNARDUS.
1203 1977 1284 2009 181.

361 2091 629 2132 BERNARDUS,
680 2095 914 2137 cognomento
963 2090 1122 2136 Sapiens,
1172 2090 1320 2125 concilio
1367 2088 1643 2124 claromontano
1690 2091 1755 2124 sub

360 2148 507 2184 Urbano
534 2148 584 2183 ΙΙ.
610 2147 786 2187 interfuit,
813 2152 849 2182 et
874 2148 919 2182 ab
945 2148 1065 2183 eodem
1096 2147 1261 2193 pontifice
1292 2147 1331 2181 in
1360 2146 1515 2181 Scotiam
1545 2157 1625 2181 cum
1657 2158 1756 2182 man-

359 2207 452 2240 datis
486 2207 627 2247 missus,
666 2210 789 2240 auctor
828 2205 900 2240 fuit
933 2206 1056 2241 multis
1092 2204 1335 2250 optimatibus,
1371 2208 1414 2238 ut
1447 2214 1547 2238 arma
1580 2215 1645 2249 pro
1679 2209 1754 2243 tam

359 2268 481 2298 sancta
510 2275 616 2298 causa
645 2263 845 2303 induerent,
876 2263 1163 2308 conscriptosque
1191 2261 1322 2295 milites
1353 2265 1495 2295 secutus
1511 2260 1621 2299 *bello
1655 2272 1754 2295 sacro

359 2321 533 2361 interfuit,
569 2326 605 2356 et
640 2320 829 2355 Arthesiae
863 2321 1048 2366 episcopus
1081 2320 1219 2365 primus
1253 2319 1296 2353 de
1331 2317 1473 2353 Latinis
1515 2323 1570 2353 est
1603 2323 1753 2353 creatus.

358 2378 504 2413 Gauter.
536 2378 729 2413 Cancellar.
757 2377 847 2412 Bell.
874 2377 1089 2413 Antiochen.
1114 2388 1197 2423 pag.
1224 2384 1444 2411 ccecxmx.
1506 2374 1753 2420 Archiepisco-

359 2447 425 2481 pus
456 2435 661 2471 Edessanus
691 2440 840 2478 creatus,
873 2436 1011 2481 primus
1040 2434 1327 2470 Christianorum
1357 2433 1474 2469 sedem
1510 2433 1606 2468 illam
1638 2444 1754 2477 posse-
