2032 2912
697 354 872 387 GENTIS
897 352 1174 392 SCOTORUM,
1200 353 1290 386 LIB.
1314 352 1379 385 111.
1677 352 1737 382 141

345 451 447 497 cujus
476 450 583 484 verba
609 450 691 484 vide
717 461 825 494 supra
849 451 888 483 in
912 448 1042 483 Sancto
1068 445 1275 495 Bonifacio.
1302 447 1480 492 Cratepol.
1503 458 1584 493 pag.
1615 455 1735 480 XL111.

346 512 367 527 ‘⁶
381 508 621 542 Colomannus
633 512 771 552 martyr
785 506 932 546 Christi,
950 505 1068 540 fuerat
1084 506 1142 539 hic
1160 517 1204 540 ex
1222 506 1340 541 Scotia
1357 505 1495 540 natus.'’
1522 504 1616 551 Ejus
1634 509 1736 539 sunt:

494 565 548 600 De
568 564 690 598 Exilio
708 575 774 598 suo
1049 600 1052 603 ,
1285 564 1346 598 lib.
1367 572 1392 597 1.

493 622 679 667 Epistolae
1289 621 1349 655 lib.
1370 630 1395 655 1.

394 680 449 715 De
462 680 582 714 Sancti
597 678 807 714 Colomanni
820 678 995 723 martyrio
1007 677 1031 711 J
1033 688 1164 712 oannes
1182 677 1326 712 Stabius
1345 678 1585 713 Maximiliani
1604 677 1632 712 1.
1653 678 1736 722 imp.

344 738 535 772 historicus
548 749 557 771 ε

611 833 749 862 Austriae
763 838 881 861 sanctus
893 831 1007 861 canitur
1020 837 1166 870 patronus,

608 881 766 919 Fulgidum
781 880 861 909 sidus
874 879 989 909 radians
1003 880 1038 908 ab
1053 880 1153 914 Arcto,

608 929 736 958 Scoticae
750 928 848 966 gentis
863 927 1056 956 colomannus
1069 937 1143 961 acer,

803 975 893 1014 Regia
907 974 1010 1014 proles.

606 1023 661 1052 Ille
675 1023 745 1051 dum
759 1028 887 1052 sanctam
902 1022 1082 1061 Solymorum
1095 1021 1133 1050 ad
1146 1021 1247 1051 urbem
1266 1032 1268 1034 ·

607 1071 746 1104 Transiit,
761 1067 876 1100 dulcem
890 1070 1013 1109 patriam
1026 1069 1202 1107 relinquens,

608 1118 711 1157 Regios
725 1118 826 1152 fastus,
840 1118 978 1151 trabeam,
993 1126 1133 1150 coronam,

801 1165 978 1204 Sceptraque
991 1164 1119 1202 tempsit.

605 1213 726 1251 Propter
739 1218 769 1241 et
784 1212 932 1241 Christum
944 1211 1113 1250 peregrinus
1126 1210 1196 1239 exul

609 1260 717 1288 Factus
731 1260 762 1287 in
776 1259 861 1288 terris
874 1259 986 1288 alienus
999 1258 1086 1291 ultro,

605 1307 754 1337 Caelicam,
763 1316 837 1346 pura
849 1306 1006 1335 meditatus
1020 1305 1115 1334 aulam

805 1354 918 1387 Mente,
934 1353 1056 1392 fideque.

604 1401 744 1440 Dumque
758 1400 885 1429 diversos
898 1400 1018 1439 populos
1032 1405 1172 1439 pererrat,

607 1448 761 1478 Rhaeticas
775 1447 894 1477 tandem
907 1447 1027 1476 veniens
1040 1446 1078 1476 ad
1091 1457 1163 1481 oras,
1179 1447 1231 1475 διο.
1265 1479 1269 1484 .

393 1549 607 1584 Memoriam
625 1548 748 1582 recolit
765 1558 837 1581 non
854 1546 1006 1581 Austria
1029 1547 1145 1587 m0d0,
1170 1546 1230 1581 sed
1254 1550 1290 1581 et
1312 1551 1389 1581 tota
1413 1546 1606 1583 Germania
1630 1549 1740 1594 Supe-

343 1608 417 1642 rior
434 1608 491 1641 die
509 1615 601 1640 XIII.
621 1606 766 1640 Octobr.
794 1609 836 1638 ut
858 1604 1029 1638 Laurent.
1055 1604 1183 1639 Surius
1206 1608 1309 1639 notat
1333 1609 1419 1639 tom.
1439 1615 1475 1639 V.
1500 1611 1537 1640 et
1562 1606 1740 1641 Baronius

343 1666 467 1700 eodem
485 1665 553 1698 die.
598 1663 750 1697 Passum
768 1664 848 1697 vult
866 1673 959 1697 anno
979 1671 1090 1696 MX11.
1108 1662 1132 1695 J
1134 1673 1213 1697 oan.
1232 1661 1442 1707 Cuspinian.
1462 1663 1500 1697 in
1517 1663 1679 1704 Austria,
1698 1670 1739 1699 ut

344 1723 423 1757 aliis
441 1724 556 1767 placet
575 1729 826 1755 Decchvm.

811 1835 847 1870 S.
875 1834 1128 1870 CLEMENS.
1182 1836 1265 1869 242.

345 1954 380 1988 S.
394 1953 609 1992 CLEMENS,
618 1951 841 1997 “presbyter,
853 1951 997 1985 natione
1009 1949 1170 1991 Scotus,'’
1176 1950 1227 1985 ait
1238 1950 1262 1984 J
1264 1962 1394 1985 oannes
1409 1950 1615 1987 Gualterius
1627 1952 1739 1988 Chro-

345 2012 424 2045 nico
442 2010 700 2045 Chronicorum
718 2009 756 2043 in
775 2008 998 2043 Bibliotheca
1016 2008 1200 2042 Minorum
1219 2008 1370 2043 Patrum
1391 2020 1473 2055 pag.
1492 2018 1735 2044 DecchCVI.

345 2073 391 2109 et,
419 2071 461 2102 ut
492 2067 670 2113 intelligas
698 2078 770 2100 non
794 2066 944 2100 eundem
971 2076 1052 2099 cum
1079 2065 1114 2099 S.
1143 2065 1293 2100 Claudio
1319 2066 1499 2101 Clemente
1526 2067 1737 2103 Parisiensis

345 2125 543 2161 academiae
560 2124 759 2164 fundatore,
784 2124 890 2168 paulo
907 2129 988 2167 post
1009 2123 1140 2163 subdit,
1168 2128 1190 2143 “
1208 2123 1379 2159 Claudius
1405 2124 1568 2159 Clemens
1593 2126 1737 2160 natione

344 2184 482 2223 Scotus‚
500 2182 685 2227 episcopus
703 2179 1053 2215 Altissiodorensis.”
1088 2180 1176 2215 Fuit
1194 2182 1252 2216 hic
1269 2193 1363 2216 unus
1381 2193 1425 2216 ex
1442 2182 1486 2216 iis
1504 2183 1737 2218 sanctissimis

345 2242 432 2275 viris
450 2241 512 2285 qui
531 2251 611 2274 cum
630 2239 665 2272 S.
684 2239 882 2284 Disybodio
900 2249 944 2272 ex
962 2237 1149 2279 Hibernia,
1169 2239 1206 2273 id
1224 2243 1288 2279 est,
1306 2240 1485 2274 montanis
1504 2239 1641 2274 Scotiae
1658 2252 1738 2285 par-

345 2300 452 2339 tibus,
471 2298 614 2344 egressi,
635 2298 680 2331 ad
698 2302 855 2330 montem
874 2296 908 2330 S.
928 2296 1027 2330 Petri
1051 2296 1230 2331 vixerunt.
1281 2297 1369 2332 Vita
1387 2297 1423 2331 S.
1442 2297 1617 2343 Disybodi
1641 2300 1736 2343 apud

344 2356 491 2390 Surium
509 2360 594 2389 tom.
616 2364 669 2389 IV.
721 2354 873 2398 Scripsit

491 2413 673 2453 Quaedam
693 2412 895 2457 spiritualia
1283 2413 1343 2447 lib.
1364 2411 1389 2447 ’1.

394 2471 512 2506 Scotia
529 2482 691 2517 egressus
709 2482 802 2505 anno
821 2478 989 2504 DCLXIv.
1034 2470 1138 2505 Diem
1156 2482 1227 2505 non
1244 2471 1370 2516 reperi.
