2032 2912
707 335 884 369 GENTIS
908 334 1186 374 SCOTORUM,
1211 334 1300 367 LIB.
1326 333 1391 366 III.
1685 334 1747 366 159

505 432 678 467 Catenam
695 430 908 471 Bibliorum,
930 431 1008 464 MS.
1030 430 1188 471 Parisiis,
1387 429 1448 464 lib.
1470 439 1495 464 1.

406 489 547 523 Claruit
564 499 657 522 anno
676 497 829 521 Mexnl.
865 487 1006 521 Colitur
1023 489 1080 522 die
1094 496 1169 521 XII.
1188 487 1290 528 Maii,
1305 488 1446 532 templis
1457 488 1501 528 ei,
1515 487 1625 522 variis
1642 488 1744 534 regni

356 546 451 587 locis,
471 546 651 581 dedicatis.
701 545 863 579 Breviar.
883 544 1009 578 Scotic.

840 658 876 692 S.
903 658 1118 693 COLMUS.
1171 658 1255 697 267.

351 776 388 810 S.
413 775 584 810 COLMUS
610 773 880 820 incomparabili
906 776 1002 810 vitae
1029 775 1216 809 sanctitate
1242 774 1316 809 suis
1342 776 1531 819 praeluxit,
1560 776 1744 820 episcopus

352 834 578 868 doctissimus
608 833 799 874 Orcadum,
831 834 893 878 qui
922 833 1058 867 Romae
1085 836 1308 866 consecratus
1336 832 1523 867 familiaris
1552 832 1744 867 Benedicto

352 891 437 926 VII.
457 892 488 925 ei
506 902 571 925 sua
589 902 696 935 opera
713 892 945 936 nuncupavit,
963 895 1003 925 ut
1022 891 1060 924 in
1078 889 1199 924 Indice
1217 889 1373 924 Maiano.
1425 889 1576 935 Scripsit

497 948 553 983 De
570 948 821 983 inaestimabili
839 948 972 983 Missae
989 947 1167 982 Sacrificio
1390 948 1450 982 lib.
1470 956 1496 982 1.

501 1006 683 1041 Passionis
701 1005 910 1040 Dominicae
928 1006 1104 1051 Mysteria
1391 1006 1453 1040 lib.
1473 1015 1499 1040 1.

498 1064 553 1098 De
572 1064 742 1098 Conciliis
760 1063 985 1110 generalibus
1390 1064 1452 1098 lib.
1473 1072 1498 1097 1.

400 1121 542 1157 Floruit
559 1133 653 1156 anno
673 1131 749 1156 Mx.
786 1121 926 1156 Colitur
942 1121 1132 1166 praecipua
1144 1121 1299 1166 quadam
1313 1121 1495 1167 religione,
1509 1123 1642 1167 templa
1655 1122 1742 1163 Deo,

350 1180 417 1215 sub
434 1180 658 1215 invocatione
675 1180 801 1225 ipsius,
819 1179 919 1214 varia
935 1179 1062 1219 dicata,
1080 1179 1138 1213 die
1155 1187 1210 1212 VI.
1229 1178 1253 1212 J
1255 1179 1343 1213 unii.
1387 1179 1550 1214 Breviar.
1570 1180 1694 1214 Scotic.

781 1294 816 1328 S.
846 1293 1178 1329 CHRISTIANA.
1231 1292 1314 1328 268.

349 1411 385 1445 S.
413 1411 686 1451 CHRISTIANA,
713 1411 771 1445 vel
796 1409 991 1449 Christina‚
1019 1408 1093 1443 filia
1117 1408 1294 1455 Agathae,
1320 1410 1364 1443 de
1389 1420 1461 1454 qua
1483 1410 1544 1444 lib.
1572 1419 1598 1444 1.
1625 1420 1744 1455 supra,

347 1480 448 1504 soror
475 1468 511 1503 S.
541 1468 778 1514 Margaretae,
812 1468 1045 1502 monasticam
1081 1467 1194 1501 vitam
1227 1468 1402 1511 amplexa,
1438 1467 1646 1502 Buchanan.
1682 1468 1743 1502 lib.

347 1536 420 1561 v11.
448 1525 543 1561 Hist.
573 1525 666 1561 Scot.
691 1537 736 1560 ex
763 1537 804 1560 eo
829 1524 984 1559 ,Iacobus
1009 1523 1197 1559 Gretserus
1224 1524 1464 1559 commentar.
1491 1524 1644 1572 Exeget.
1671 1536 1746 1560 mo·

346 1585 477 1619 nialem
511 1584 639 1618 induit.
674 1583 875 1618 Westmon.
911 1582 1044 1617 Matth.
1081 1582 1195 1617 Paris.
1231 1582 1398 1627 Polydor.
1434 1582 1564 1629 Virgil.
1600 1588 1636 1618 et
1670 1584 1742 1617 alii.

346 1640 497 1686 Scripsit

498 1697 680 1742 Epistolas
699 1698 743 1731 ad
762 1698 908 1732 Patrem
925 1696 1053 1742 Regno
1070 1698 1215 1741 pulsum
1389 1698 1450 1732 lib.
1470 1707 1495 1732 1.

396 1755 536 1790 Claruit
554 1766 647 1789 anno
667 1763 836 1789 Mvau.
874 1753 967 1788 Vide
985 1753 1212 1789 Matthaeum
1230 1754 1333 1789 Paris
1351 1756 1397 1790 ad
1414 1766 1548 1790 annum
1568 1764 1637 1790 Mc.
1675 1756 1743 1791 Po-

348 1813 513 1858 lydorum
530 1813 591 1847 lib.
612 1822 669 1847 IX.
721 1812 862 1847 Colitur
878 1820 952 1846 VII.
970 1811 1148 1856 Septemb.

635 1927 870 1962 JOANNES
897 1926 1314 1962 CAMPUSBELLUS.
1368 1926 1452 1966 269.

346 2044 370 2078 J
373 2052 538 2078 OANNES
557 2043 839 2088 Campusbellus,
858 2044 1046 2077 vernacule
1060 2042 1230 2082 Cammel,
1249 2043 1469 2078 nobilissima
1486 2044 1656 2079 comitum
1671 2044 1742 2079 Ar-

345 2102 521 2148 gatheliae
547 2102 652 2135 domo
679 2101 863 2141 oriundus,
889 2100 1062 2134 foecundo
1088 2101 1242 2146 ingenio,
1268 2106 1303 2135 et
1329 2101 1493 2135 omnibus
1511 2102 1668 2136 scientiis
1686 2114 1741 2137 ac-

345 2158 578 2198 commodato,
605 2163 640 2193 et
667 2159 705 2192 in
736 2158 918 2192 academia
946 2157 1152 2199 Parisiensi,
1184 2170 1225 2192 ac
1253 2159 1471 2193 Bononiensi
1497 2159 1533 2193 in
1561 2159 1678 2201 Italia,
1705 2165 1741 2195 et

346 2217 441 2251 domi
454 2217 548 2261 apud
560 2228 642 2250 suos
657 2227 798 2250 summa
811 2216 1022 2250 claritudine
1036 2216 1165 2262 viguit.
1192 2216 1290 2250 Eum
1304 2221 1325 2236 “
1336 2217 1526 2261 probatum
1538 2219 1740 2252 auctorem”

346 2275 502 2319 appellat
521 2274 569 2307 H.
591 2274 776 2314 Boethius,
796 2280 832 2308 et
849 2275 887 2308 in
910 2274 966 2308 his
990 2285 1071 2308 eum
1093 2279 1258 2309 numerat
1275 2286 1364 2320 quos
1388 2275 1456 2310 sibi
1481 2276 1678 2321 sequendos
1701 2277 1739 2311 in

347 2332 465 2377 patria
483 2332 689 2366 adornanda
707 2332 886 2376 proponit.
939 2331 1089 2376 Scripsit

495 2389 681 2424 Scotorum
700 2388 900 2424 Chronicon
1386 2390 1446 2424 lib.
1467 2399 1492 2424 1.

393 2447 497 2482 Vixit
515 2459 608 2482 anno
628 2456 782 2482 MCCLX.
801 2451 972 2494 regnante
991 2447 1086 2492 apud
1103 2446 1226 2482 Scotos
1243 2446 1451 2482 Alexandro
1469 2447 1538 2482 111.
