2032 2912
340 311 383 342 94
724 301 955 338 HISTORIA
978 299 1351 336 ECCLESIASTICA

873 455 910 491 S.
938 452 1053 491 BUO.
1108 453 1189 493 167.

342 578 377 609 S.
402 576 489 609 BUO
516 579 629 619 poeta,
654 576 887 620 cognomento
911 571 1064 611 Eamus,
1087 571 1125 604 id
1148 575 1202 605 est
1225 581 1309 605 voce
1333 569 1472 605 scotica
1494 571 1645 616 sapiens,
1670 571 1735 605 hoc

341 633 435 666 enim
454 631 490 665 id
508 635 612 666 sonat
630 631 755 677 lingua
778 633 897 664 vetere
919 632 1090 668 nostrate,
1114 628 1211 662 unde
1233 627 1345 662 Bardi
1368 627 1427 662 hic
1450 639 1559 673 supra
1582 628 1737 673 philoso-

339 690 492 734 phorum
509 692 625 728 secta3
644 688 702 722 hic
720 698 804 722 vero
822 687 878 721 vir
894 685 1120 720 doctissimus
1133 685 1243 731 juxta
1259 696 1300 720 ac
1317 685 1564 720 sanctissimus
1582 686 1620 720 in
1634 697 1734 720 mon-

339 737 597 781 tanis*Scotiae
622 745 737 780 vitam
762 743 980 779 eremiticam
1011 742 1184 783 traduxit,
1210 743 1254 777 de
1278 753 1351 787 quo
1377 742 1512 777 incolae
1537 743 1734 777 etiamnum

339 803 444 838 hodie
467 803 558 837 mira
579 806 738 843 narrant,
762 802 834 842 sed,
858 801 928 836 nisi
951 800 1068 840 fallor,
1092 799 1318 844 apocrypha:
1351 807 1434 834 nam
1461 808 1543 834 eum
1568 811 1641 834 uno
1659 802 1735 835 loco

339 865 473 905 septem
492 860 606 900 annis,
623 860 726 905 quasi
743 863 878 904 septem
896 857 1031 897 diebus,
1049 856 1204 890 haesisse
1222 857 1390 900 produnt,
1408 857 1544 902 majore
1557 862 1658 901 parte
1676 868 1734 891 ex-

338 919 405 952 tasi
423 921 577 962 raptum,
596 921 637 951 ut
654 916 691 951 S.
710 915 887 955 Kanillus,
905 914 1100 958 discipulus
1117 918 1153 948 et
1171 914 1392 954 secretarius,
1410 914 1535 948 retulit
1552 915 1647 958 apud
1672 915 1695 947 J
1698 926 1734 948 0-

336 985 464 1009 annem
482 973 792 1018 Campumbellum
813 971 1035 1010 historicum,
1058 974 1095 1005 et
1117 981 1239 1005 recens
1262 971 1358 1016 apud
1381 982 1440 1005 eos
1464 972 1646 1011 memoria,
1671 972 1733 1016 qui

334 1033 486 1076 hymnos
512 1030 590 1076 ejus
615 1030 736 1064 sedulo
759 1029 931 1063 recolunt.
978 1027 1083 1062 Vixit
1108 1027 1147 1062 in
1172 1026 1397 1074 Argathelia,
1423 1028 1485 1062 ubi
1512 1039 1651 1063 eremus
1679 1040 1734 1063 os-

335 1088 506 1122 tenditur.
557 1087 709 1131 Scripsit

483 1143 625 1179 Laudes
643 1142 835 1178 Trinitatis
853 1141 916 1177 SS.
1277 1143 1337 1177 lib.
1358 1152 1383 1177 1.

481 1200 537 1236 De
554 1200 667 1235 Cruce
684 1200 831 1235 Domini
1278 1200 1338 1234 lib.
1359 1209 1384 1234 1.

483 1257 697 1303 Prophetias
715 1258 758 1292 de
775 1257 904 1304 Regno
922 1256 1061 1292 Scotiae
1276 1257 1337 1292 lib.
1359 1266 1384 1291 1.

382 1316 523 1351 Floruit
539 1326 634 1350 anno
652 1323 834 1350 Dcexcn.
854 1315 931 1362 regi
948 1313 1088 1349 Achaio
1104 1314 1303 1356 familiaris,
1321 1319 1367 1355 et,
1386 1319 1428 1349 ut
1446 1314 1602 1350 Jacobus
1616 1316 1731 1361 Chey-

334 1384 422 1408 neus
439 1377 555 1418 putat,
573 1372 820 1413 confessarius,
845 1372 902 1407 cui
925 1371 969 1407 de
990 1380 1101 1418 regno
1119 1372 1255 1407 Pictico
1272 1373 1386 1408 multa
1404 1373 1593 1417 praedixit.
1647 1374 1731 1408 Cor-

334 1442 400 1475 pus
418 1430 565 1465 Ornesci
584 1430 621 1465 in
640 1429 772 1465 Insulis
790 1430 964 1475 quiescit3
991 1430 1067 1465 dies
1085 1430 1253 1465 incertus.

875 1528 913 1563 S.
942 1528 1057 1564 BUO.
1111 1527 1194 1563 168.

334 1605 371 1637 S.
391 1604 490 1643 BUO,
508 1602 600 1637 alius
618 1614 640 1636 a
656 1602 898 1647 praecedente,
916 1613 1013 1637 more
1031 1603 1167 1648 patriae
1185 1613 1270 1637 suae
1287 1607 1323 1637 et
1339 1604 1568 1647 popularium
1593 1610 1729 1639 sancto-

332 1671 412 1695 rum
447 1660 567 1695 Scotia
600 1667 774 1706 egressus,
809 1660 847 1694 in
881 1660 1160 1704 septentrionem
1194 1660 1349 1694 intendit
1382 1670 1540 1701 cursum,
1583 1666 1625 1695 ut
1659 1661 1726 1696 Dei

332 1718 481 1763 gloriam
500 1721 725 1763 propagaret,
744 1721 780 1751 et
796 1717 835 1750 in
853 1713 1047 1751 Islandiam
1065 1718 1216 1758 delatus,
1239 1725 1380 1751 summa
1404 1719 1594 1753 sanctitate
1616 1730 1729 1764 popu-

334 1778 406 1810 lum
421 1775 605 1815 instruxit,
624 1774 877 1808 miraculorum
890 1774 1008 1820 gratia
1022 1775 1201 1810 inclaruit,
1253 1774 1393 1809 Auctor
1410 1774 1598 1822 Arngrim.
1617 1776 1728 1811 Jonas

331 1835 368 1866 in
386 1833 535 1867 historia
552 1832 647 1866 illius
665 1832 794 1878 gentis.
846 1831 998 1877 Scripsit

482 1889 659 1924 Homilias
677 1890 722 1923 ad
740 1889 902 1924 Islandos
1273 1890 1334 1925 lib.—
1355 1901 1380 1925 1.

381 1947 520 1982 Floruit
538 1958 631 1981 anno
650 1955 823 1981 Deccxc.
850 1947 917 1982 sub
940 1958 1024 1994 rege
1047 1947 1233 1995 Gregorio,
1257 1949 1320 1993 qui
1344 1949 1482 1993 primus
1500 1960 1624 1996 regum
1649 1961 1728 1984 nos-

332 2010 467 2039 trorum
485 2004 608 2039 foedus
626 2015 707 2039 cum
728 2003 840 2039 Gallis
858 2004 1014 2040 iteravit.
1067 2005 1153 2040 Dies
1171 2006 1340 2041 incertus.

692 2118 992 2155 GULIELMUS
1020 2119 1220 2156 BAILZE.
1274 2121 1356 2160 169.

334 2239 353 2252 *⁶
379 2234 626 2269 GULIELMUS
661 2235 783 2270 Bailze
817 2235 954 2277 Scotus,
993 2235 1314 2281 Transalpinorum
1359 2239 1397 2272 in
1441 2240 1620 2274 academia
1655 2240 1722 2273 Bo-

294 2315 304 2323 2
331 2292 491 2325 noniensi
521 2297 645 2332 rector,
675 2298 797 2337 postea
831 2293 1026 2328 medicinae
1059 2293 1184 2328 diebus
1220 2294 1357 2330 feriatis
1396 2297 1538 2338 lector,''
1574 2298 1625 2331 ait
1660 2297 1723 2331 Ni-

293 2334 450 2383 *colans
485 2347 694 2384 Paschasius
729 2350 925 2391 Alidosius‚
960 2352 1112 2398 diligens
1147 2352 1350 2394 historicus,
1387 2354 1425 2388 in
1457 2354 1722 2389 professoribus

333 2405 535 2451 peregrinis
557 2416 638 2452 pag.
662 2410 844 2443 XXXVIII.
898 2408 967 2443 Hic
992 2420 1076 2445 vero
1099 2421 1143 2444 ex
1167 2410 1227 2444 illa
1251 2410 1472 2446 nobilissima
1490 2417 1524 2446 et
1543 2413 1723 2446 serenissi-
