2032 2912
325 313 387 344 144
703 309 936 342 HISTORIA
960 307 1336 340 ECCLESIASTICA

324 409 457 442 lentum
477 405 681 440 coenobium
700 405 794 439 inter
810 403 921 448 Alpes
940 403 1081 438 Coctias
1099 404 1290 443 exstruxit,
1309 403 1404 447 quod
1423 407 1546 447 postea
1568 403 1606 436 in
1634 402 1721 436 civi«

322 470 431 499 tatem
462 464 675 502 traductum,
708 462 814 496 Bobii
842 462 969 496 habuit
996 462 1157 496 nomen.'’
1219 460 1359 494 Eadem
1388 460 1552 494 Leander
1577 460 1718 494 Albert.

324 521 412 555 falso
437 520 594 565 prodidit
618 520 656 553 in
673 518 924 564 Descriptione
947 518 1119 565 Liguriae
1141 530 1223 565 pag.
1243 527 1471 552 CCCLXVIII.
1515 518 1660 552 Platina
1682 519 1721 552 in

322 578 507 612 Bonifacio
526 576 591 611 IV.
619 582 640 597 ⁶⁶
659 576 903 611 Columbanus
922 577 1041 617 abbas,
1060 578 1117 611 vir
1134 576 1392 617 sanctissimus,
1409 587 1538 622 genere
1565 575 1718 615 Gothus,

322 641 363 670 ut
381 636 526 680 quidam
545 635 734 675 affirmant,
754 646 797 669 ex
816 634 934 669 Scotia
957 636 996 669 in
1022 635 1272 681 Burgundiam
1302 635 1418 678 primo
1440 634 1585 668 veniens
1613 633 1722 667 Lixo-

320 694 439 727 viense
457 693 713 727 monasterium
731 693 920 733 exstruxit,
945 693 1071 727 deinde
1090 694 1127 726 in
1146 692 1289 726 Italiam
1307 692 1490 738 pergens‚”
1510 691 1575 726 διε.
1633 692 1719 725 Cor-

318 752 404 797 rige,
432 755 453 770 ⁶⁶
472 748 706 784 Luxoviense
723 751 980 784 monasterium
999 750 1211 784 exstruxit.’'
1263 749 1306 783 In
1333 749 1492 783 Concilio
1517 749 1721 784 Aureliani-

319 810 393 843 ensi
415 818 451 842 V.
474 809 560 842 haec
577 809 724 842 nomina
741 807 888 842 confusa
901 819 994 842 anno
1007 817 1153 841 DXLIX.
1195 807 1250 841 Ibi
1265 808 1359 841 enim
1379 811 1400 826 ⁶⁶
1419 807 1604 842 Sabaudus
1623 807 1722 841 Lux-

318 867 471 900 oviensis
495 867 710 911 episcopus‚”
729 867 789 899 sed
807 867 884 911 lege
911 863 1148 898 Lemoviensis
1165 865 1375 908 episcopus:
1402 875 1486 897 nam
1512 864 1720 898 Luxovium

318 925 523 959 coenobium
546 924 583 957 in
610 923 834 969 Burgundia,
860 922 1060 956 Lexovium
1086 922 1185 955 sedes
1212 922 1420 966 episcopalis
1445 922 1483 955 in
1510 921 1719 962 Normania,

318 984 426 1027 vulgo
445 979 601 1015 Lizieuoe
611 992 623 1019 ;
641 985 676 1014 et
695 981 755 1014 alii
775 981 904 1013 erroris
931 991 1107 1024 sequaces.
1156 979 1377 1013 Coenobium
1394 979 1461 1013 hoc
1479 978 1720 1013 Saxonice'di-

318 1040 463 1073 cebatur
486 1039 570 1072 olim
598 1038 770 1082 Scaphus.
824 1037 1030 1071 Translatio
1056 1036 1092 1070 S.
1112 1036 1338 1077 Bernwardi,
1362 1037 1446 1070 edit.
1465 1036 1642 1071 Browerii
1660 1049 1721 1082 pa-

317 1097 402 1142 gina
420 1106 503 1129 1.X1.
525 1107 569 1129 ex
584 1096 859 1141 Tangwardone
878 1095 1087 1140 presbytero
1108 1094 1459 1128 Hildeneshemensis
1478 1095 1644 1139 episcopi.

364 1154 535 1194 Quinimo
553 1154 590 1187 in
608 1158 710 1187 tanta
729 1153 941 1187 certitudine
959 1157 1044 1186 sunt
1063 1152 1158 1193 Itali,
1186 1152 1248 1197 qui
1274 1152 1431 1186 Bobium
1455 1164 1527 1187 non
1554 1154 1598 1187 ad
1627 1164 1719 1193 eum,

314 1213 374 1246 sed
393 1213 437 1245 ad
455 1212 565 1245 alium
583 1211 740 1245 referant
764 1211 993 1245 conditorem.
1022 1210 1083 1244 Fr.
1110 1210 1271 1244 Blondus
1296 1211 1333 1244 in
1357 1210 1609 1256 Longobardia
1636 1223 1718 1258 pag.

316 1279 429 1304 XCIX.
459 1281 480 1303 a
501 1269 604 1303 beato
635 1268 738 1303 Gallo
762 1269 944 1302 conditum
970 1269 1048 1302 vult
1072 1273 1153 1313 post
1176 1268 1372 1302 adventum
1397 1269 1435 1301 in
1454 1267 1597 1302 Italiam
1624 1269 1719 1303 Lon-

314 1328 552 1374 gobardorum
581 1327 684 1361 annis
714 1335 909 1360 LXXXVII.
939 1326 1109 1370 impensis
1137 1325 1317 1360 Addoaldi
1348 1326 1412 1359 filii
1448 1326 1719 1361 Theudolindae

314 1387 468 1432 reginae.
494 1385 751 1420 Volaterranus
775 1389 956 1418 auctorem
982 1384 1068 1418 facit
1093 1384 1208 1428 ipsam
1236 1384 1538 1424 Theudolindam,
1558 1396 1638 1419 cum
1665 1391 1718 1420 ta-

314 1455 396 1478 men
424 1443 485 1477 lib.
510 1452 570 1477 111.
600 1454 681 1488 pag.
707 1451 790 1476 LIV.
820 1447 855 1476 et
884 1442 945 1476 lib.
971 1450 1025 1475 IV.
1055 1453 1136 1487 pag.
1167 1450 1365 1475 LXXXVII.
1397 1442 1593 1477 honorifice
1624 1455 1718 1478 com-

314 1503 418 1547 pellet
446 1500 720 1540 Columbanum,
748 1511 770 1533 a
797 1512 868 1544 quo
892 1511 1000 1544 supra
1025 1499 1194 1533 Ticinum
1224 1504 1403 1534 structum
1431 1501 1640 1535 coenobium
1666 1502 1718 1536 fa-

314 1564 431 1593 tetur:
461 1571 483 1593 a
504 1560 607 1604 cujus
631 1558 745 1592 sancti
774 1558 918 1591 nomine
942 1558 1046 1601 plura
1068 1557 1105 1590 in
1133 1557 1239 1591 Italia
1267 1558 1407 1602 oppida,
1435 1569 1550 1592 unum
1578 1560 1617 1593 in
1645 1559 1718 1594 He-

315 1619 440 1658 truria,
471 1621 626 1662 quatuor
661 1615 821 1650 millibus
852 1626 1024 1659 passuum
1057 1615 1252 1654 Florentia,
1286 1616 1386 1649 aliud
1412 1616 1521 1660 juxta
1551 1616 1717 1651 Cremam

316 1687 408 1710 anno
443 1676 549 1709 salut.
589 1682 748 1708 MCLXV.
786 1673 968 1707 conditum
1001 1684 1021 1706 a
1052 1672 1082 1706 F
1084 1673 1241 1706 rederico
1280 1673 1511 1714 Barbarossa,
1547 1680 1719 1709 vexatum

315 1734 473 1779 graviter
497 1745 518 1767 a
542 1732 671 1767 Carolo
689 1730 733 1765 V.
753 1736 788 1765 et
807 1730 1000 1764 Franciseo
1019 1729 1047 1764 Ι.
1099 1730 1201 1765 Paul.
1222 1730 1366 1765 Merula
1384 1736 1476 1776 part.
1504 1741 1547 1765 11.
1572 1733 1632 1767 lib.
1663 1742 1716 1766 1v.

318 1802 392 1836 cap.
414 1800 563 1825 XXXVI.

365 1849 563 1894 Aequiores
581 1848 642 1882 alii
666 1848 836 1890 fuerunt3
864 1848 903 1882 in
925 1848 982 1882 his
1005 1846 1200 1882 Gerbertus
1223 1847 1445 1882 Rhemorum
1468 1849 1637 1893 primum,
1660 1849 1718 1883 de-

318 1908 398 1940 inde
433 1907 700 1941 Ravennatium
734 1906 1030 1950 archiepiscopus,
1071 1906 1215 1940 demum
1250 1905 1414 1950 pontifex
1443 1907 1622 1941 maximus
1650 1907 1718 1941 sub

318 1966 461 1999 nomine
486 1965 661 2010 Sylvestri
680 1964 729 1998 II.
782 1964 818 1998 Is
837 1965 939 2008 epist.
961 1972 1015 1997 IV.
1035 1969 1070 1997 et
1088 1972 1126 1996 v.
1161 1969 1182 1983 ⁶⁶
1196 1964 1301 2003 Quod
1319 1964 1498 1998 abbatiam
1517 1965 1554 1998 S.
1574 1965 1718 2000 Colum-

319 2024 400 2057 bani
425 2023 553 2056 habere
580 2023 755 2062 videmur,
781 2022 956 2056 Italorum
983 2023 1073 2055 nulli
1102 2022 1237 2068 gratias
1264 2022 1440 2068 agimus.'’
1491 2021 1610 2067 Epist.
1639 2032 1716 2057 XII.

320 2087 340 2101 ‘⁶
358 2081 450 2114 Nam
469 2092 558 2125 quae
577 2092 658 2124 pars
678 2080 802 2114 Italiae
820 2079 1058 2124 possessiones
1077 2080 1171 2114 beati
1186 2079 1399 2114 Columbani
1419 2091 1491 2114 non
1506 2081 1665 2115 continet
1679 2081 1717 2115 ?''

320 2138 436 2182 Epist.
459 2147 641 2171 LXXXIII.
678 2142 699 2157 ⁶⁶
714 2137 951 2172 Bobiensibus
969 2138 1159 2183 utriusque
1177 2138 1346 2172 ordinis.’'
1397 2137 1517 2182 Epist.
1537 2147 1716 2173 LXXXIV.

322 2201 341 2214 ‘⁶
353 2196 404 2229 Ut
420 2196 521 2229 fessis
538 2196 641 2230 rebus
653 2196 747 2230 beati
761 2195 973 2230 Columbani
988 2195 1243 2230 subveniatis.”
1274 2195 1392 2240 Epist.
1407 2205 1535 2230 CXXX.
1551 2196 1717 2231 affectum

321 2264 424 2286 suum
456 2253 492 2285 in
522 2254 622 2286 illum
654 2258 817 2287 sanctum
846 2254 982 2298 prolixe
1009 2254 1210 2298 exequitur.
1240 2253 1343 2287 Paul.
1373 2253 1593 2288 lVarnefrid.
1624 2254 1716 2289 libro

323 2311 475 2344 secundo
509 2310 645 2344 Histor.
674 2310 900 2356 Longobard.
926 2322 1000 2355 cap.
1028 2320 1113 2345 XVI.
1142 2312 1180 2345 in
1204 2320 1241 2345 V.
1270 2312 1457 2356 provincia
1485 2311 1640 2346 Bobium
1668 2314 1716 2346 lo-

321 2374 387 2407 cat,
409 2373 443 2401 et
456 2367 516 2401 lib.
533 2376 585 2400 IV.
604 2379 678 2412 cap.
692 2377 812 2402 XLIII.
833 2373 854 2388 ‘⁶
866 2368 969 2403 Circa
982 2369 1068 2403 haec
1085 2374 1247 2414 tempora
1261 2369 1386 2404 beatus
1406 2369 1649 2404 Columbanus
1672 2381 1716 2404 ex

323 2427 508 2460 Scotorum
527 2436 654 2471 genere
672 2426 854 2466 oriundus,
881 2433 1071 2471 postquam
1090 2427 1128 2461 in
1146 2426 1274 2469 Gallia,
1299 2428 1337 2461 in
1353 2428 1430 2462 loco
1448 2428 1509 2472 qui
1530 2426 1716 2462 Luxovius
