2032 2912
693 350 868 383 GENTIS
893 349 1170 389 SCOTORUM,
1195 349 1284 381 LIB.
1310 348 1374 380 111.
1661 346 1723 376 153

481 446 621 480 Monita
639 447 808 480 salutaria
1219 443 1280 477 lib.
1301 452 1328 476 1.

480 503 660 538 Ecclesiae
678 503 836 537 Scoticae
853 502 1034 536 Successio
1218 502 1279 535 lib.
1300 511 1325 535 1.
1345 501 1443 535 Citat
1460 500 1483 534 J
1485 510 1616 534 oannes
1634 499 1722 533 For-

531 562 660 600 dunus,
695 560 790 605 quod
825 570 913 604 opus
948 559 1087 592 utinam
1121 558 1225 592 hodie
1266 563 1425 599 extaret3
1470 562 1562 592 certe
1605 556 1723 591 Scotia

526 622 735 653 ornamenta
777 628 852 655 sua,
895 617 1024 661 quibus
1068 616 1158 649 nulli
1201 617 1300 661 genti
1343 616 1525 650 videretur
1563 614 1720 654 inferior,

526 676 682 709 haberet.

477 733 537 767 Ad
556 732 692 777 Regem
710 743 776 776 pro
794 731 886 765 Pace
904 731 1116 765 stabilienda
1220 730 1280 763 lib.
1302 740 1327 763 1.

376 790 477 824 Obiit
498 791 591 824 circa
614 800 748 823 annum
774 798 850 822 MX.
903 788 1115 822 Sanctorum
1142 788 1222 822 albo
1246 788 1441 832 ascriptum
1466 789 1589 823 scribit
1613 788 1723 823 Scoti-

327 848 527 887 chronicon,
547 852 582 881 et
600 847 732 890 templa
759 848 790 880 ei
815 851 931 880 erecta
954 851 1143 880 testantur.
1169 846 1310 880 Colitur
1329 854 1382 879 1V.
1403 845 1504 886 Maii,
1529 847 1722 880 translatus

329 914 366 939 V.
386 905 573 939 Februarii
591 916 685 939 anno
703 913 852 938 DceLX.
896 903 988 938 Vide
1006 904 1072 937 hoc
1091 904 1181 938 libro
1199 915 1308 948 supra
1326 903 1364 937 in
1383 904 1418 938 S.
1440 904 1562 938 Como-

781 1019 817 1053 S.
846 1018 1133 1054 CONNANUS.
1187 1018 1270 1054 256.

328 1135 378 1170 IN
396 1136 431 1170 S.
451 1136 624 1170 Connano
641 1147 723 1170 rara
740 1136 877 1182 ingenii
896 1135 1058 1175 felicitas,
1078 1139 1113 1169 et
1136 1136 1286 1181 simplex
1311 1147 1451 1171 morum
1472 1137 1623 1170 candor:
1651 1137 1724 1181 epi-

328 1195 459 1239 scopali
478 1194 653 1239 dignitate
671 1193 847 1227 Scoticam
865 1193 1046 1227 ecclesiam
1060 1199 1201 1228 rexerat
1214 1206 1255 1228 eo
1269 1195 1456 1238 praecipue
1470 1199 1639 1239 tempore,
1654 1206 1724 1239 quo

328 1253 444 1297 reguli
470 1251 583 1297 Angli
609 1251 848 1296 legationibus
875 1251 920 1284 ad
946 1262 1046 1296 reges
1072 1257 1212 1286 nostros
1238 1251 1356 1286 missis
1380 1252 1540 1286 doctores
1564 1253 1727 1285 erudien-

328 1309 373 1342 do
407 1309 539 1353 populo
573 1319 638 1341 suo
674 1312 891 1352 acceperant,
922 1312 963 1342 ut
991 1307 1240 1354 Vigorniensis
1270 1310 1476 1350 monachus,
1508 1309 1725 1355 Sigebertus‚

329 1366 580 1411 Uspergensis‚
606 1365 807 1410 Polydorus
830 1364 1006 1410 Virgilius
1030 1367 1091 1400 lib.
1113 1375 1167 1400 1V.
1194 1367 1293 1401 I-Iist.
1318 1378 1399 1412 pag.
1420 1374 1582 1400 LXXVII.
1608 1371 1642 1400 et
1667 1367 1727 1400 alii

327 1428 517 1458 testantur.
570 1423 628 1456 Ea
645 1427 721 1456 tum
741 1427 951 1466 tempestate
968 1423 1145 1467 plerisque
1163 1435 1244 1458 cum
1263 1424 1298 1458 S.
1319 1425 1485 1458 Finnano
1503 1428 1538 1457 et
1561 1423 1597 1457 S.
1617 1423 1728 1457 Aida-

326 1492 372 1515 no
390 1481 428 1514 in
446 1480 619 1526 Angliam
638 1480 813 1526 evangelii
832 1481 1058 1524 praedicandi
1084 1481 1202 1527 gratia
1227 1481 1406 1526 profectis,
1432 1481 1637 1521 Connanus,
1662 1481 1728 1515 Co-

326 1539 527 1579 lumbanus,
547 1538 777 1578 Chroniacus,
796 1537 958 1578 Dimaus,
979 1538 1182 1584 BigitanuS‚
1201 1544 1237 1573 et
1254 1539 1465 1579 Damianus,
1485 1539 1640 1583 episcopi
1658 1539 1730 1572 exi-

326 1597 418 1630 miae
436 1597 592 1641 pietatis,
619 1596 854 1630 sanctimonia
880 1596 1047 1636 illustres,
1069 1596 1164 1630 domi
1191 1598 1437 1631 consederunt.
1468 1596 1571 1630 Hect.
1600 1596 1727 1630 Boeth.

327 1654 387 1688 lib.
409 1664 465 1689 IX.
486 1654 624 1688 Histor.
644 1653 738 1688 Scot.
757 1665 838 1700 pag.
859 1662 1030 1687 CLXXVI.
1082 1653 1176 1699 Ejus
1194 1659 1304 1689 sunt:

480 1712 543 1745 Pia
560 1711 749 1754 Exempla,
768 1722 812 1745 ex
830 1710 891 1744 SS.
910 1710 1080 1744 Patribus
1099 1712 1236 1751 selecta,
1375 1712 1436 1746 lib.
1458 1722 1481 1746 Ι.

476 1768 731 1802 Meditationes
1376 1769 1436 1803 lib.
1458 1779 1482 1802 1.

480 1826 661 1860 Homiliae
1372 1827 1432 1861 lib.
1454 1837 1479 1861 1.

378 1884 548 1918 Florebat
562 1895 618 1918 an.
635 1892 805 1918 DCLXIV.
835 1883 1037 1930 Episcopus
1057 1884 1114 1918 hic
1132 1883 1351 1924 Sodorensis,
1370 1885 1407 1918 in
1426 1885 1591 1918 divorum
1610 1885 1728 1919 album

329 1943 473 1982 relatus,
493 1941 674 1975 colebatur
691 1942 824 1987 insigni
843 1942 1041 1977 devotione.
1067 1942 1090 1976 J
1092 1954 1170 1976 oan.
1190 1942 1358 1976 Leslaeus
1377 1943 1437 1976 lib.
1459 1951 1512 1976 IV.
1531 1953 1612 1988 pag.
1634 1951 1724 1976 CLV.

334 1999 606 2044 Ferquhardum
642 2010 763 2045 regem
796 2000 853 2044 pie
887 2000 1056 2034 instituit.
1112 1999 1263 2034 Arnold.
1301 1999 1421 2034 Uvion
1456 2000 1516 2034 lib.
1554 2009 1613 2034 111.
1649 2011 1730 2046 pag.

331 2065 525 2091 CCCCXIII.
572 2056 712 2090 Colitur
731 2065 848 2091 XXIV.
868 2056 1043 2092 Novemb.

785 2173 820 2206 S.
848 2172 1139 2207 CORMANUS.
1194 2176 1275 2211 257.

329 2287 364 2321 S.
400 2287 641 2328 CORMANUS,
681 2288 1010 2323 Northumbrorum
1054 2290 1191 2333 primus
1232 2291 1424 2333 apostolus,
1472 2295 1507 2324 et
1548 2289 1608 2323 SS.
1654 2290 1733 2324 albo

332 2346 518 2390 ascriptus.
562 2345 666 2379 Joan.
694 2346 863 2380 Leslaeus
890 2347 950 2380 lib.
972 2355 1025 2381 1V.
1048 2358 1129 2393 pag.
1151 2356 1293 2382 CLVIII.
1323 2352 1344 2367 ‘⁶
1361 2348 1429 2383 Vir
1446 2348 1578 2394 gravis,
1607 2352 1642 2382 et
1656 2359 1735 2382 eru-

332 2403 467 2437 ditione
493 2404 638 2448 vitaque
664 2404 827 2449 insignis,
858 2404 988 2438 missus
1019 2409 1073 2439 est
1103 2405 1147 2438 ad
1178 2404 1443 2440 Northumbros
1475 2406 1609 2440 Christi
1645 2406 1731 2451 dog-

331 2465 425 2496 mate
443 2462 712 2503 instituend0s‚”
737 2462 788 2496 ait
807 2461 855 2495 H.
875 2462 1049 2496 Boethius
1067 2462 1128 2497 lib.
1149 2471 1206 2497 IX.
1234 2462 1332 2498 Hist.
1352 2463 1445 2499 Scot.
1470 2475 1551 2511 pag.
1572 2471 1725 2497 CLXXV.

1025 2528 1055 2553 X
