2032 2912
314 304 378 334 224
700 300 932 333 HISTORIA
957 299 1333 332 ECCLESIASTICA

316 411 414 440 neus,
451 397 639 443 praecipua
674 396 886 430 eruditionis
923 407 963 430 ac
1000 395 1145 440 pietatis
1186 395 1283 430 fama
1322 396 1360 429 in
1396 395 1516 431 Scotia
1552 396 1711 438 florebat,

316 458 401 490 (ium
428 456 550 489 divino
579 458 767 498 praecepto
795 454 954 488 monitus
978 453 1014 488 S.
1039 454 1202 500 Regulus
1226 453 1394 496 Albatus,
1423 454 1537 499 patris
1566 456 1713 490 civitate

316 514 498 548 brachium
523 512 557 545 S.
581 511 748 546 Andreae
771 523 851 546 cum
875 513 1107 547 sacrosanctis
1131 513 1290 558 ejusdem
1315 513 1466 557 apostoli
1490 514 1650 558 reliquiis
1675 514 1711 547 in

314 571 545 611 Otholiniam,
565 570 750 605 Pictorum
768 575 854 605 tunc
871 571 1021 616 imperio
1039 571 1248 617 subjectam,
1268 571 1422 606 devexit.
1470 570 1606 606 Hector
1623 572 1712 606 Boe-

314 630 410 664 thius
436 630 497 664 lib.
517 638 571 663 Vl.
600 629 698 664 Hist.
724 629 818 664 Scot.
841 640 923 676 pag.
944 638 1006 664 CV.
1059 628 1185 664 Scotus
1212 640 1259 663 an
1285 628 1443 663 Graecus
1469 629 1589 670 fuerit,
1616 630 1712 664 haud

314 688 413 722 facile
431 688 607 729 dixerim;
636 692 671 722 et
688 699 735 722 an
752 699 826 722 una
843 699 922 722 cum
942 687 1083 734 Regulo
1101 699 1146 722 ex
1163 687 1302 722 Achaia
1324 688 1363 721 in
1380 686 1535 722 Scotiam
1561 688 1710 729 venerit,

312 758 356 780 an
375 758 459 781 vero
478 747 553 791 ipse
571 751 650 780 tum
668 747 763 790 apud
782 758 864 780 suos
884 748 921 780 in
939 746 1055 791 pretio
1073 751 1176 787 esset,
1194 757 1268 780 non
1285 745 1426 780 definio.
1479 745 1630 791 Scripsit

459 804 514 838 De
532 804 782 850 Reliquiarum
801 805 837 839 S.
857 804 1024 839 Andreae
1040 804 1078 838 in
1096 804 1324 838 Britanniam
1343 803 1566 839 Advectione
1604 805 1664 839 lib.
1687 815 1710 838 1.

358 863 527 898 Florebat
545 875 638 897 anno
657 872 872 898 CCCXXXII.

692 978 716 1012 J
718 978 863 1013 OANN
866 977 927 1012 ΕΒ
952 976 1188 1012 DUMBAR.
1242 979 1286 1010 41
1293 979 1324 1011 1.

309 1095 502 1130 JOANNES
533 1094 698 1130 Dumbar
728 1095 911 1139 praeclara
938 1093 1075 1139 ingenii
1106 1091 1204 1127 fama
1233 1092 1488 1138 philosophicis
1518 1093 1712 1128 medicinae

309 1154 428 1188 studia
454 1154 653 1200 conjunxit,
686 1153 884 1187 Patavinus
915 1152 1039 1186 doctor
1072 1151 1208 1197 insigni
1236 1151 1374 1196 patriae
1400 1151 1526 1196 suique
1557 1152 1711 1186 nominis

311 1217 519 1247 ornamento
538 1212 779 1246 renunciatus.
830 1210 981 1255 Scripsit

454 1270 626 1305 Poemata
643 1271 744 1304 varia
1205 1268 1267 1302 lib.
1288 1277 1313 1301 1.

453 1329 604 1374 Aliquid
622 1329 660 1362 in
678 1328 858 1362 Medicina
1202 1326 1264 1361 lib.
1286 1335 1311 1360 1.

358 1387 418 1422 Ad
436 1387 559 1422 Scotos
578 1398 660 1421 suos
679 1387 872 1432 digressus,
890 1386 1042 1420 feliciter
1060 1385 1221 1420 clinicem
1240 1389 1389 1419 exercet.

848 1501 1024 1537 DAVID.
1078 1504 1162 1537 412.

308 1622 459 1661 DAVID,
478 1621 661 1665 episcopus
681 1620 802 1653 Sancti
820 1618 999 1659 Andreae,
1018 1618 1185 1653 interfuit
1204 1618 1352 1653 concilio
1370 1607 1616 1665 Lugdunensi,
1643 1619 1709 1654 sub

307 1680 516 1714 Innocentio
539 1679 603 1714 IV.
637 1677 823 1717 celebrato,
853 1682 888 1711 et
913 1688 995 1711 cum
1023 1686 1091 1711 XL.
1119 1677 1198 1711 aliis
1224 1677 1393 1722 praelatis
1419 1677 1640 1723 subscripsit,
1667 1682 1708 1711 ut

310 1750 353 1774 ex
380 1739 492 1772 literis
519 1741 669 1776 constat,
703 1741 738 1770 et
769 1735 1037 1770 confirmatione
1063 1735 1224 1781 ejusdem
1254 1736 1394 1770 concilii
1423 1736 1519 1770 edita
1547 1747 1662 1781 nuper
1688 1747 1709 1770 a

307 1797 441 1832 Jacobo
472 1796 674 1843 Bongarsio
706 1795 800 1829 inter
832 1793 941 1828 Gesta
980 1794 1045 1828 Dei
1080 1805 1144 1839 per
1179 1793 1348 1834 Francos,
1382 1794 1515 1840 pagina
1551 1802 1706 1829 MCXCV.

303 1855 453 1900 Scripsit

453 1913 508 1947 De
527 1912 677 1947 Concilii
696 1911 951 1958 Lugdunensis
970 1910 1198 1945 Auctoritate
1348 1910 1410 1944 lib.
1432 1919 1456 1944 1.

350 1972 454 2007 Vixit
471 1983 565 2006 anno
584 1979 821 2005 MCCLXXXI.

626 2085 881 2121 FINLACUS
907 2084 1172 2119 DIKENSON
1179 2084 1248 2119 US.
1301 2087 1383 2120 413.

310 2205 520 2238 FINLACUS
539 2203 781 2243 Dikensonus,
804 2202 1018 2236 Parisiensis
1045 2202 1244 2236 academiae
1265 2201 1454 2247 professor,
1481 2206 1521 2235 ut
1549 2212 1591 2235 ex
1619 2202 1705 2235 actis

311 2262 467 2306 ejusdem
488 2262 530 2294 ad
550 2260 635 2294 Divi
655 2260 775 2295 Cosmi
793 2265 902 2305 patet.
956 2260 1105 2305 Scripsit

458 2318 700 2352 Historiarum
723 2319 1007 2353 memorabilium
1028 2318 1207 2364 Synopsin
1362 2317 1422 2351 lib.
1444 2326 1469 2351 1.
1497 2328 1587 2361 quae
1606 2316 1705 2350 Basi-

501 2377 575 2410 leae
593 2377 736 2420 prodiit.

354 2436 494 2470 Floruit
514 2446 606 2470 anno
626 2444 749 2469 me.
