2032 2912
684 317 859 350 GENTIS
882 315 1163 355 SCOTORUM,
1187 315 1278 349 LIB.
1307 315 1333 348 1.
1670 315 1713 348 29

757 453 794 504 s.
821 466 1145 503 ADEODATUS.
1198 470 1259 502 34.

313 588 350 622 S.
368 587 635 624 Annonmus,
652 594 716 617 seu
734 581 952 621 Theodatus,
970 585 1034 615 aut
1051 580 1275 622 Theodorus,
1300 582 1420 617 Scotia
1442 593 1604 629 egressus
1622 593 1703 617 cum

313 645 375 680 SS.
403 643 584 678 Florentio
609 645 646 675 et
670 639 885 685 Arbogasto,
912 638 1045 682 diuque
1071 649 1230 672 eremum
1257 639 1417 679 incoluit,
1442 643 1521 673 tum
1538 640 1704 686 religioso

314 706 398 735 voto
415 711 452 734 se
470 698 687 742 mancipans,
705 695 895 730 canonicus
913 694 1165 729 Lateranensis
1183 695 1310 735 factus,
1336 706 1355 729 e
1378 696 1545 731 coenobio
1568 701 1705 731 extrac-

313 762 372 792 tus
390 757 434 791 ad
452 755 615 790 ecclesiae
632 751 865 787 Nivernensis
883 752 1021 785 clavum
1041 752 1143 786 sedit.
1168 752 1407 787 Demochares
1431 753 1492 787 lib.
1512 762 1557 787 11.
1577 753 1702 787 Sacris.

315 814 447 848 Missae
464 823 539 857 cap.
554 819 658 845 xxx.
692 809 780 844 Vita
797 808 859 843 SS.
879 808 1053 842 Florentii
1070 814 1106 843 et
1122 808 1330 855 Arbogasti.
1368 809 1462 844 Acta
1476 810 1702 844 ecclesiarum

314 870 537 905 Trevirensis
565 873 600 903 et
630 865 914 913 Argentinensis.
946 864 1204 900 Constantinus
1234 865 1388 900 Ghinius
1419 864 1609 900 Natalibus
1640 865 1701 900 SS.

316 927 587 962 Canonicorum.
615 924 753 958 Surius.
779 922 839 958 Ad
850 922 1057 956 Usuardum
1068 923 1235 957 Molanus
1249 923 1306 957 die
1319 932 1391 958 V11.
1406 922 1600 957 Novembr.
1628 922 1701 957 Alii

313 985 467 1018 natalem
485 984 517 1018 ei
535 985 698 1016 statuunt
716 981 761 1014 ad
778 988 867 1014 X1x.
885 978 909 1012 J
911 979 1011 1020 unii;
1039 981 1099 1014 alii
1117 980 1232 1015 aliter.
1285 979 1435 1025 Scripsit

463 1039 627 1074 Psalterii
647 1038 932 1082 Explicationem
1203 1036 1265 1071 lib.
1286 1045 1311 1070 1.

464 1096 518 1130 De
535 1095 743 1130 Solitudinis
760 1093 884 1128 Laude
1200 1093 1261 1128 lib.
1283 1102 1308 1128 1.

362 1154 500 1188 claruit
517 1163 610 1187 anno
629 1159 839 1186 Dccnxxx.

826 1266 862 1300 S.
889 1265 1083 1300 ADILIA.
1135 1269 1194 1300 35.

313 1383 351 1418 S.
374 1382 542 1422 ADILIA,
569 1381 671 1427 virgo
694 1380 982 1420 sanctimonialis,
1007 1385 1092 1414 nata
1115 1380 1153 1414 in
1177 1379 1304 1426 Belgio
1328 1380 1433 1426 Orpii
1458 1382 1607 1417 dioecesi
1631 1383 1702 1418 Na-

314 1440 501 1479 murcensi,
519 1450 591 1473 non
607 1439 731 1483 procul
747 1449 770 1472 a
787 1437 922 1472 Thenis
941 1442 976 1472 et
1003 1436 1188 1477 Geldonia,
1213 1438 1387 1483 singulari
1410 1439 1553 1483 pietatis
1576 1439 1705 1475 affectu

315 1499 411 1533 viros
429 1496 677 1531 ecclesiasticos
701 1495 744 1529 de
769 1494 887 1529 Scotia
911 1495 1092 1529 venientes
1117 1495 1266 1539 excepit,
1293 1494 1329 1529 S.
1354 1495 1514 1531 Martino
1531 1498 1704 1542 templum

314 1554 513 1594 exstruxit3
540 1553 598 1587 hic
615 1563 699 1586 vero
716 1552 793 1597 ejus
811 1552 1028 1586 mentionem
1045 1551 1273 1593 celebramus,
1291 1563 1363 1587 non
1377 1558 1420 1588 ut
1437 1552 1572 1595 Scotae,
1588 1555 1650 1589 sed
1662 1562 1704 1589 ut

315 1611 502 1646 Scotorum
518 1610 687 1654 hospitae.
731 1608 850 1643 Durat
867 1609 972 1643 hodie
991 1607 1071 1642 fons
1089 1609 1273 1644 mirabilis.
1317 1609 1459 1645 Colitur
1474 1620 1577 1646 xxx.
1590 1611 1615 1645 J
1616 1612 1704 1647 unii.

315 1668 492 1703 Visitatae
517 1666 686 1711 reliquiae
713 1675 755 1700 11.
782 1666 967 1700 Decembr.
995 1676 1089 1700 anno
1115 1674 1223 1701 DCCI.
1250 1666 1419 1702 Molanus
1448 1667 1610 1703 Indiculo
1639 1668 1701 1702 SS.

318 1725 436 1770 Belgii
453 1735 536 1770 pag.
555 1732 627 1757 V11.

367 1781 507 1815 Claruit
523 1791 616 1815 anno
634 1788 732 1814 DXL.
750 1784 786 1814 et
802 1778 888 1814 haec
904 1783 959 1814 est
981 1779 1088 1814 tertia
1111 1779 1296 1816 Scotorum
1319 1781 1358 1816 in
1380 1786 1519 1817 exteras
1533 1783 1702 1830 regiones

320 1849 453 1872 mlssm.

790 1952 826 1986 S.
852 1951 1087 1987 ALBUINU
1087 1952 1124 1987 S.
1175 1952 1234 1988 36.

318 2067 356 2102 S.
375 2066 591 2102 ALBUINUS
608 2066 745 2106 Scotus,
764 2066 871 2100 abbas
889 2067 1093 2101 monasterii
1113 2067 1187 2108 Hu,
1212 2069 1269 2102 vel
1294 2068 1369 2109 Hii,
1394 2071 1489 2115 quod
1506 2076 1613 2115 caput
1630 2083 1703 2106 om-

319 2125 420 2158 nium
438 2123 686 2158 coenobiorum
711 2123 941 2164 Scoticorum,
965 2123 1212 2170 Angficorum,
1231 2125 1507 2161 Hibernicorum
1524 2129 1619 2173 apud
1637 2129 1705 2163 Be-

321 2181 404 2214 dam
418 2180 516 2214 audit
535 2180 595 2214 lib.
611 2189 671 2214 111.
686 2191 761 2225 cap.
777 2189 865 2214 xxl.
902 2180 1079 2215 Henricus
1098 2181 1421 2218 Huntindoniensis
1434 2185 1495 2219 lib.
1510 2194 1571 2220 111.
1601 2185 1704 2221 Vixit

319 2249 362 2271 ea
388 2240 503 2271 aetate
528 2247 599 2280 qua
620 2237 780 2272 lubentes
804 2238 1031 2282 volentesque
1052 2238 1146 2272 cives
1167 2239 1280 2273 nostri
1303 2240 1342 2274 in
1364 2239 1601 2276 Ethnicorum
1625 2253 1704 2278 con·

321 2294 519 2328 versionem
544 2293 805 2334 incumbebant,
830 2295 909 2329 ideo
932 2295 1008 2339 ipse
1031 2296 1062 2329 ei
1086 2296 1184 2340 operi
1207 2307 1243 2330 se
1267 2297 1463 2343 accingens,
1487 2298 1704 2346 Thuringio·

320 2362 401 2385 rum
427 2351 606 2394 apostolus
632 2351 742 2392 audit,
768 2351 889 2386 Uvion
914 2352 974 2387 lib.
1000 2360 1043 2387 11.
1069 2363 1145 2398 cap.
1164 2361 1269 2391 XLII.
1285 2354 1492 2400 primusque
1510 2355 1700 2392 Frislariae

320 2408 515 2452 episcopus.
567 2406 716 2452 Scripsit
