2032 2912
319 299 382 330 186
704 293 937 327 HISTORIA
961 291 1272 325 ECCLESIASTI
1277 292 1338 325 CA

643 404 919 440 ROBERTUS
947 403 1262 439 CREIITHIUS.
1316 404 1401 440 327.

324 510 547 544 ROBERTUS
565 505 772 546 Creiithius‚
786 504 878 539 forte
897 504 1064 545 Kethius,
1082 503 1128 538 D.
1144 503 1327 538 Francisci
1344 502 1508 537 habitum
1522 502 1652 545 induit,
1668 517 1722 538 or-

323 567 487 611 dinisque
504 565 560 599 sui
579 568 827 598 ornamentum
847 563 997 597 eruditis
1017 566 1052 596 et
1073 563 1142 607 piis
1166 561 1304 596 artibus
1329 561 1519 606 quaesivit.
1574 567 1595 581 ‘⁶
1613 562 1722 596 Mini-

321 624 489 658 steriatus
507 633 654 657 munere
671 621 726 655 bis
749 620 906 661 functus,
931 621 969 654 in
993 631 1094 654 sacra
1117 620 1297 666 theologia
1322 620 1724 660 consummatissimus‚”

322 682 373 716 ait
388 681 599 715 Franciscus
614 678 785 725 Gonzaga
796 690 831 723 p.
841 687 901 713 111.
917 678 1034 725 Relig.
1048 677 1194 724 Seraph.
1207 677 1309 724 Orig.
1322 677 1455 724 pagina
1466 686 1724 712 DCCCXLVHI.

320 739 413 786 Ejus
431 743 496 779 est,
514 739 552 772 in
570 737 697 784 Belgio
715 737 822 778 edita,

468 796 670 830 Harmonia
687 794 972 840 Evangeliorum
1269 794 1330 828 lib.
1351 803 1375 827 1.

369 855 512 889 Floruit
530 865 623 888 anno
643 860 887 887 MCCCXLvn.
915 851 990 885 dixi
1014 851 1053 886 in
1076 851 1268 897 Apparatu
1295 851 1339 885 ad
1367 850 1506 886 Histor.
1535 850 1721 886 Senticam.

321 913 490 959 Sepultus
503 913 599 958 jacet
617 911 722 955 Ipris.

823 1008 1077 1044 CLEMENS.
1130 1011 1213 1044 328.

322 1088 527 1122 CLEMENS
550 1085 757 1125 monachus,
783 1085 979 1129 discipulus
1003 1088 1039 1118 et
1064 1084 1395 1130 peregrinationum
1420 1083 1456 1118 S.
1483 1083 1640 1118 Mariani
1665 1085 1726 1119 ab·

320 1146 414 1180 batis
432 1146 471 1180 in
488 1144 719 1179 Germaniam
745 1142 872 1182 socius,
894 1141 1036 1176 fundati
1059 1143 1168 1176 etiam
1192 1143 1334 1176 noviter
1358 1142 1577 1177 Ratisbonae
1605 1155 1727 1177 mona-

322 1204 422 1239 sterii
440 1204 568 1243 incola,
588 1206 609 1222 “
622 1202 679 1235 vir
697 1201 847 1235 doctus'’.
859 1205 1008 1234 vocatur
1026 1212 1047 1234 a
1060 1200 1280 1247 Wolfgango
1299 1200 1411 1234 Lazio
1428 1200 1489 1234 lib.
1506 1209 1577 1235 VII.
1597 1201 1640 1235 de
1655 1200 1726 1235 Mi-

320 1262 485 1309 gratione
504 1260 610 1295 Gent.
629 1271 712 1305 pag.
732 1268 884 1293 CCCXII.
937 1258 1098 1303 Scripsit,
1116 1262 1159 1293 ut
1176 1259 1294 1299 audio,
1313 1259 1352 1293 in
1371 1259 1581 1306 Hungarica
1600 1258 1725 1293 Budae

321 1320 540 1355 bibliotheca
557 1321 750 1357 asservata,
769 1321 804 1351 et
822 1316 918 1357 alibi,

471 1377 696 1411 Collectanea
713 1386 757 1409 ex
775 1374 836 1408 SS.
856 1374 1025 1409 Patribus
1267 1375 1328 1410 lib.
1351 1384 1376 1409 1.

474 1434 598 1468 Flores
617 1433 883 1477 Scripturarum
1267 1433 1328 1467 lib.
1350 1442 1375 1467 1.

472 1492 676 1526 Chronicon
695 1490 907 1536 Hungariae
1266 1491 1328 1525 lib.
1349 1500 1375 1525 1.

373 1550 514 1585 Floruit
534 1557 714 1583 MCLVIII.
768 1548 869 1583 Obiit
887 1547 1013 1582 Budae
1031 1558 1225 1592 procurans
1244 1549 1512 1583 monasterium.

815 1663 1087 1698 CANDIDUS.
1142 1663 1226 1702 329.

325 1783 543 1818 CANDIDUS
571 1781 845 1816 Benedictinum
873 1780 1088 1815 monachum
1114 1780 1154 1814 in
1184 1780 1306 1815 Scotia
1335 1782 1465 1823 induit,
1492 1787 1528 1818 et
1554 1782 1725 1819 Sanctum

323 1842 529 1876 Marianum
548 1846 689 1875 secutus
708 1839 746 1872 in
764 1838 995 1873 Germaniam
1013 1839 1123 1880 venit,
1142 1839 1375 1885 substititque
1394 1840 1624 1883 Rafisbonae,
1649 1855 1725 1878 coe-

325 1900 432 1935 nobio
449 1910 564 1944 nuper
581 1898 743 1932 fundato.
796 1896 946 1941 Scripsit

474 1957 653 1991 Homilias
1270 1956 1331 1991 lib.
1351 1966 1376 1990 1.

372 2016 510 2050 Claruit
529 2025 622 2049 anno
642 2022 821 2047 MCLVHI.
878 2012 1086 2059 WVolfgang.
1106 2013 1240 2048 Lazius
1258 2014 1343 2048 ibid.

669 2129 969 2164 RICHARDUS
996 2129 1234 2165 CORVEIL.
1288 2133 1370 2166 340.

326 2248 571 2282 RICHARDUS
616 2246 770 2287 Corveil,
819 2246 950 2281 decreti
993 2246 1126 2287 doctor,
1179 2252 1214 2281 et
1263 2248 1532 2284 archidiaconus
1583 2250 1725 2285 Laudo-

325 2306 416 2346 niae,
452 2318 492 2340 eo
526 2306 604 2349 ipso
640 2316 732 2339 anno
767 2316 839 2350 quo
873 2305 918 2339 ad
954 2304 1106 2339 Harlaw
1140 2317 1274 2352 pagum
1309 2318 1390 2340 cum
1432 2306 1546 2342 Scotis
1586 2313 1724 2342 monta-

326 2364 382 2398 nis
426 2368 572 2397 cruenta
611 2362 683 2396 acie
724 2367 925 2409 pugnatum
963 2367 1027 2402 est,
1070 2363 1232 2398 felicibus
1268 2364 1447 2409 auspiciis,
1492 2365 1629 2409 primus
1660 2366 1721 2410 jus

327 2421 548 2466 pontificium
574 2420 611 2454 in
638 2421 816 2454 academia
848 2421 965 2465 patria
994 2420 1263 2455 Santandreana
1293 2421 1450 2466 profiteri
1484 2423 1609 2467 coepit,
1643 2434 1722 2456 con-
