2044 2992
969 355 1007 394 vi

302 481 383 522 que
403 465 557 512 literae,
578 467 621 503 et
641 458 893 501 incredibilis
909 458 1132 499 memoriae
1146 456 1394 511 magnitudo
1410 456 1678 497 confecerat.'’

304 532 360 571 Et
380 529 520 584 paucis
541 524 819 579 interpositis:
849 529 871 547 ‘⁶
890 523 973 567 Qui
994 522 1176 576 quidem,
1197 522 1229 562 si
1250 522 1398 562 aetatis
1424 520 1530 561 ratio
1556 519 1681 560 habe-

301 601 405 641 atur,
444 591 632 632 celeriter
669 589 755 629 vita
794 587 994 642 spoliatus
1033 586 1218 633 interiit3
1267 586 1300 626 si
1339 585 1507 639 gloriae,
1552 598 1678 638 quam

300 658 474 711 adeptus
500 660 574 703 est,
600 652 846 707 magnitudo
872 656 1093 706 spectetur,
1120 650 1354 690 diutissime
1383 650 1511 696 vixit;
1542 649 1680 695 immo,

300 733 516 774 nunquam
554 717 793 765 moriturus,
830 729 905 770 per
953 714 1141 755 omnium
1189 714 1378 754 vivorum
1426 727 1498 754 ora
1536 712 1682 753 volita—

299 785 397 825 bit.”

356 846 544 887 Plurima
574 844 746 899 quidem
775 843 992 897 scripserat
1023 841 1309 896 Dempsterus,
1341 841 1404 881 vir
1436 840 1594 882 scilicet
1620 856 1683 882 re-

300 910 491 951 conditae
525 907 783 955 eruditionis‚
818 913 860 947 et
893 905 1124 946 indefessae
1163 904 1432 959 diligentiae:
1475 906 1681 959 quaedam

301 977 390 1029 ejus
410 987 544 1028 opera,
566 972 722 1026 quippe
742 985 848 1025 quae
869 983 1087 1023 nunquam
1108 970 1218 1023 typis
1245 970 1453 1017 mandata,
1480 968 1547 1009 vel
1576 975 1683 1009 tem-

300 1039 411 1093 poris
444 1036 598 1091 injuria
630 1035 858 1090 perierunt,
889 1033 955 1073 vel
990 1034 1034 1073 in
1075 1032 1280 1073 Italorum
1314 1032 1577 1073 bibliothecis
1612 1034 1684 1074 ad-

300 1103 383 1142 huc
408 1100 670 1147 delitescunt,
695 1098 774 1138 alia
798 1102 940 1138 autem
964 1095 1100 1136 multa
1126 1097 1170 1136 in
1198 1111 1268 1137 ore
1297 1102 1515 1137 versantur
1545 1097 1683 1137 erudi-

299 1173 449 1211 torum,
489 1169 532 1203 et
563 1176 716 1203 nomen
756 1163 845 1216 ejus
884 1160 1118 1215 posteritati
1158 1161 1464 1201 commendant.
1537 1161 1682 1202 Musas

298 1228 552 1270 amoeniores
572 1241 657 1266 non
677 1225 859 1279 segniter
879 1224 1062 1271 colebat3
1084 1230 1127 1264 et
1142 1238 1190 1264 eo
1210 1224 1381 1278 quidem
1402 1224 1540 1265 seculo
1559 1239 1682 1265 nemo

299 1294 384 1333 fere
404 1291 637 1332 doctiorum
657 1290 740 1330 fuit
761 1290 833 1343 qui
855 1289 1037 1329 carmina
1062 1287 1214 1328 Latina
1242 1302 1328 1327 non
1354 1294 1581 1342 pangeret3
1612 1303 1683 1329 ne-

299 1370 381 1410 que
414 1355 462 1403 ei,
489 1354 632 1409 judice
658 1352 885 1400 Borrichio‚
910 1352 1046 1392 defuit
1075 1352 1189 1392 dives
1219 1352 1317 1392 satis
1344 1366 1460 1392 vena.
1518 1352 1682 1407 Nempe

299 1420 504 1474 professor
520 1419 598 1458 iste
615 1417 868 1464 Hafniensis,
893 1416 1248 1456 Dissertationum
1269 1416 1612 1457 Academicarum
1633 1418 1686 1457 de

301 1483 440 1523 Poetis
469 1497 507 1536 p.
532 1485 621 1522 151.
682 1486 702 1505 “
722 1480 823 1520 Plus
850 1485 990 1520 tamen
1017 1480 1129 1533 genii
1156 1480 1307 1534 poetici
1335 1481 1682 1535 amoenitatisque

301 1547 437 1587 elucet
466 1546 509 1585 in
544 1544 720 1585 heroicis
756 1544 943 1584 Thomae
975 1544 1214 1597 Dempsteri
1249 1545 1370 1584 Scoti.
1439 1545 1535 1585 Jam
1569 1545 1681 1585 enim

300 1611 458 1665 nuptiis
486 1609 686 1650 Perthani
717 1608 879 1648 comitis
904 1607 1125 1662 praeludit,
1149 1609 1237 1662 jam
1266 1608 1496 1662 panegyrin
1525 1608 1682 1649 Jacobo

300 1675 386 1728 regi
409 1673 593 1720 molitur,
615 1675 702 1727 jam
729 1672 833 1712 vatis
863 1672 1004 1711 induit
1032 1685 1274 1725 personam;
1305 1678 1368 1713 est
1396 1673 1468 1712 ubi
1491 1673 1682 1713 funebria

301 1744 428 1786 curat,
450 1744 512 1777 est
531 1737 603 1777 ubi
624 1736 896 1790 genethliaca,
924 1736 996 1775 ubi
1026 1736 1302 1790 protreptica:
1333 1735 1559 1789 aliquando
1586 1737 1684 1777 deo-

300 1816 393 1842 rum
414 1800 636 1855 gentilium
657 1799 1012 1853 multiplicitatem
1033 1800 1115 1840 acri
1136 1799 1245 1854 stylo
1275 1800 1472 1840 confodit.
1530 1801 1611 1841 Sed
1640 1808 1681 1841 et

301 1864 571 1919 extemporali
604 1865 648 1903 in
681 1869 934 1904 rectoratum
969 1863 1149 1903 Vassorii
1184 1869 1318 1903 metro
1352 1864 1451 1904 satis
1485 1864 1607 1905 docet
1640 1872 1683 1905 et

302 1936 447 1969 natum
468 1943 510 1968 se
531 1942 616 1968 esse
643 1927 708 1967 his
736 1927 896 1975 studiis,
924 1933 966 1967 et
993 1927 1260 1967 innutritum.
1321 1928 1541 1969 Praetereo
1566 1929 1684 1970 Mus-

302 2008 390 2034 cam
411 1995 510 2047 ejus,
529 1991 718 2046 lepidum
741 2005 917 2039 carmen,
939 1992 1011 2031 sed
1031 2005 1115 2031 non
1137 1991 1365 2039 indoctum,
1387 1997 1430 2032 et
1450 1992 1494 2032 in
1515 2006 1599 2046 quo
1616 2007 1683 2033 eas

303 2059 574 2111 Dempsterus
599 2056 777 2109 signavit
803 2055 944 2103 lineas,
972 2069 1078 2108 quae
1104 2068 1275 2094 manum
1301 2055 1547 2109 Appelleam
1574 2056 1682 2096 clare

302 2124 543 2162 testentur.”
604 2119 824 2173 Leguntur
851 2118 1011 2172 aliquot
1041 2120 1130 2172 ejus
1158 2118 1339 2158 carmina
1365 2119 1475 2159 inter
1506 2119 1684 2160 Delitias

304 2186 527 2225 Poetarum
548 2185 775 2231 Scotorum,
797 2189 894 2222 tom.
916 2183 941 2222 i.
969 2197 1008 2236 p.
1030 2183 1122 2229 306,
1150 2182 1222 2222 sed
1248 2182 1328 2222 alia
1353 2182 1489 2223 multa
1515 2198 1684 2238 quoque

304 2248 475 2302 scripsit.
534 2247 683 2287 Latine
715 2247 842 2286 vertit
868 2246 1065 2286 Cerasum
1094 2251 1136 2285 et
1160 2246 1352 2286 Silvestre
1379 2247 1582 2296 Pmnum,
1617 2262 1684 2289 ve-

305 2318 476 2351 nustum
493 2310 771 2364 Mongomerii
788 2324 964 2356 carmen,
981 2309 1095 2363 quod
1110 2323 1271 2363 semper
1286 2310 1329 2350 in
1346 2310 1504 2351 deliciis
1523 2311 1682 2352 habuit.

306 2376 452 2415 Poetas
472 2381 629 2415 veteres
656 2374 731 2414 sibi
759 2373 1027 2414 illustrandos
1052 2387 1220 2427 quoque
1247 2375 1434 2429 sumpsit.
1491 2374 1685 2416 Claudia-

305 2454 405 2479 num
427 2438 554 2479 semel
576 2444 703 2492 atque
722 2438 876 2479 iterum
898 2437 1114 2484 tractavit3
1135 2451 1231 2478 nam
1248 2438 1292 2478 in
1307 2437 1509 2480 librorum
1524 2440 1684 2494 propri-
