2032 2912
686 348 862 381 GENTIS
887 349 1166 388 SCOTORUM,
1192 350 1282 382 LIB.
1311 351 1356 382 11.

377 442 523 476 Cultum
541 442 583 476 de
600 443 722 477 eodem
740 447 793 477 est
812 442 997 489 Henningi
1015 443 1212 478 Cunradini
1230 454 1392 479 carmen:

630 512 759 543 Tantum
774 514 869 543 Scotia
881 514 1003 552 protulit
1016 520 1140 553 poetam,

626 561 768 596 Quamvis
781 561 819 589 sit
833 561 887 589 sub
900 560 1043 599 iniquiore
1056 562 1142 597 coelo,

627 608 779 643 Quantum
793 617 850 636 non
864 608 942 646 capit
955 608 1017 646 ipsa
1030 612 1092 636 tota
1105 618 1200 647 regno.

626 654 684 682 Vix
700 654 782 682 Graii
792 659 826 688 *et
841 654 920 683 Latii
934 654 1028 683 tulere
1041 659 1166 688 tantum,

625 701 767 736 Quamvis
779 701 839 730 sint
853 701 907 730 sub
920 701 1080 730 amoeniore
1094 701 1181 735 coelo,

625 748 778 783 Quantum
793 748 888 777 Scotia
901 748 1024 788 protulit
1038 754 1161 787 poetam.

371 830 573 875 Stephanus
591 830 729 865 senior:

624 902 700 932 Ecce
715 902 869 932 Caledonia
883 903 978 938 Maro,
995 903 1081 937 Naso,
1096 909 1126 933 et
1141 903 1262 933 Flaccus
1276 904 1307 933 in
1322 915 1379 939 ora,

662 950 717 979 Pro
729 951 802 980 Jove
816 961 894 980 nunc
907 951 1022 981 discunt
1035 960 1117 990 posse
1130 961 1229 981 sonare
1243 952 1354 981 Jovam.

373 1024 472 1058 Idem
491 1025 561 1059 alio
578 1024 835 1071 epigrammate
848 1036 858 1059 ε

621 1095 744 1125 Davidis
757 1096 804 1125 hic
818 1106 929 1135 corpus,
942 1096 994 1125 sed
1008 1101 1116 1126 tectum
1133 1102 1212 1126 veste
1227 1097 1341 1131 Latina,

660 1143 744 1179 Quae
758 1143 836 1182 picta
849 1149 893 1173 est
909 1143 1014 1177 Flacci,
1029 1144 1107 1183 picta
1122 1144 1249 1174 Maronis
1263 1155 1325 1174 acu.

370 1226 503 1260 Paulus
523 1226 690 1260 Melissus
709 1226 891 1261 Francus:

617 1298 755 1327 Diversus
769 1298 855 1327 multi
870 1298 947 1327 varie
961 1298 1085 1327 elicuere
1099 1309 1222 1333 sonores,

656 1344 795 1383 Aptando
809 1345 912 1374 Latiae
925 1345 1035 1384 plectra
1050 1346 1162 1385 Syrissa
1175 1346 1264 1385 lyrae.

618 1391 757 1421 Barbiton
770 1392 817 1421 hic
830 1392 1014 1431 citharaeque
1028 1392 1109 1427 fides,
1123 1393 1229 1433 chelyn
1242 1394 1371 1434 increpat
1387 1395 1470 1429 alter,

658 1438 698 1468 Et
712 1449 782 1468 suus
797 1448 833 1468 ex
847 1439 950 1468 merito
965 1449 1109 1478 quemque
1123 1446 1240 1470 secutus
1253 1441 1349 1471 honos.

617 1485 714 1521 Quod,
730 1485 915 1519 Buchanane,
930 1487 1017 1521 canis,
1032 1487 1228 1516 modulamina
1241 1493 1354 1518 caetera
1368 1489 1468 1523 vincit,

654 1533 717 1562 Ceu
730 1533 855 1572 reliquas
870 1533 996 1572 liquidae
1011 1533 1120 1563 Daulia
1133 1535 1210 1564 vocis
1223 1545 1299 1565 aves.

617 1580 658 1609 Et
672 1580 824 1619 quisquam
838 1580 953 1609 dubitet
966 1581 1060 1619 plenis
1073 1580 1185 1611 edicere
1199 1582 1305 1617 buccis,

655 1627 737 1670 Haec
751 1633 869 1667 superat
882 1633 1000 1657 cunctas
1013 1628 1135 1658 buccina
1148 1629 1224 1659 clara
1237 1630 1341 1660 tubas?

1661 352 1723 382 113

362 1717 437 1752 Nec
461 1718 581 1752 minus
605 1717 739 1752 celebre
762 1718 963 1752 encomium
986 1718 1030 1752 de
1053 1729 1094 1752 eo
1117 1723 1172 1753 est
1195 1719 1290 1764 apud
1314 1719 1534 1765 Stephanum
1558 1723 1710 1757 Pascha-

317 1776 408 1809 sium
429 1776 466 1808 in
485 1774 662 1814 Iconibus,
680 1774 719 1808 in
736 1773 881 1809 Delitiis
898 1774 1091 1809 Poetarum
1110 1775 1294 1810 Gallorum
1313 1782 1398 1812 tom.
1420 1787 1462 1812 11.

615 1845 756 1884 Virgiliis,
771 1845 891 1879 thccis,
908 1845 1081 1880 Nasonibus,
1095 1852 1182 1885 atque
1198 1847 1331 1882 Catullis,

656 1892 751 1921 Hisne
765 1902 817 1930 ego
830 1892 884 1921 sim
898 1893 988 1921 tantis
1001 1894 1115 1922 vatibus
1129 1893 1247 1923 inferior
1257 1896 1270 1923 ?

617 1940 651 1968 In
665 1949 770 1978 genere
783 1939 940 1978 unicuique
953 1950 1004 1968 suo
1018 1940 1140 1969 concedo
1151 1951 1160 1975 ;
1181 1941 1231 1970 sed
1246 1942 1275 1970 in
1289 1952 1336 1972 me

653 1986 764 2026 Collige
778 1992 882 2016 cuncta
895 1987 991 2021 simul,
1005 1987 1071 2026 plus
1085 1997 1137 2025 ego
1150 1989 1303 2026 promerui.

364 2078 460 2111 Idem
482 2078 550 2112 alio
569 2078 824 2124 epigrammate
837 2087 845 2111 ε

615 2148 650 2177 In
665 2154 695 2177 te
709 2159 766 2178 uno
778 2149 856 2188 quod
870 2149 929 2178 sint
942 2149 1039 2184 multi,
1055 2151 1239 2188 Buchanane,
1255 2153 1397 2187 Marones,

652 2197 697 2225 Ac
711 2196 844 2226 dederint
858 2196 946 2226 talem
960 2198 1057 2227 secula
1069 2199 1151 2228 nulla
1163 2200 1268 2234 virum,

617 2243 682 2272 Hoc
695 2243 731 2272 de
745 2249 774 2272 te
789 2243 881 2283 primo
894 2244 1005 2273 coelum
1019 2246 1176 2283 spondebat
1189 2247 1225 2276 ab
1239 2252 1314 2280 ortu,

654 2290 778 2319 Nomine
792 2291 902 2329 subque
916 2297 967 2320 tuo
980 2301 1084 2321 nomen
1098 2298 1129 2322 et
1142 2303 1225 2323 omen
1239 2300 1309 2324 erat.

614 2337 690 2366 Nam
704 2347 805 2367 canere
820 2343 864 2367 est
878 2343 977 2367 vatum
986 2349 996 2372 ς
1018 2344 1118 2368 vatum
1130 2341 1211 2376 tuba,
1226 2341 1355 2376 buccina,
1371 2342 1467 2375 bucca,

653 2384 693 2413 Et
707 2384 785 2414 canis
798 2384 881 2414 annis
895 2385 1066 2416 nobilitatur
1078 2397 1159 2426 opus.

979 2443 1006 2471 Q
