2032 2912
310 300 372 332 126
689 294 920 328 HISTORIA
943 293 1319 326 ECCLESIASTICA

609 389 664 417 Ille
677 393 829 420 oratorum,
844 397 915 425 quos
929 386 1023 415 Scotia
1037 386 1095 415 sola
1109 386 1246 424 superbos

647 435 744 464 Mittit
758 434 795 463 ad
808 434 916 469 heroas,
931 434 1052 463 ultimus
1066 434 1217 467 extiterat,

607 482 739 511 Ultimus
752 481 877 515 illorum,
892 491 962 520 quos
975 492 1078 519 magna
1093 480 1246 509 Britannia
1260 481 1342 512 fovit,

646 529 730 559 Secta
743 529 909 558 exturbavit
922 528 1014 562 devia,
1029 528 1144 567 praesul
1157 532 1227 557 erat.

356 621 505 666 Scripsit
522 621 646 661 multa,
664 620 804 654 erudito
822 619 895 654 otio
912 620 1059 665 longum
1077 619 1225 653 exilium
1243 620 1388 659 solatus,
1407 629 1519 663 eaque
1536 618 1574 653 in
1598 618 1700 652 bibli-

308 679 430 714 otheca
447 689 513 713 sua
529 678 758 725 selectissima
774 677 918 722 reliquit
936 676 1041 711 MSS.
1059 676 1211 721 posteris
1230 677 1421 722 vulganda.
1475 676 1519 710 In
1536 676 1603 716 his,

455 736 499 771 In
517 735 645 770 Libros
662 735 805 781 Regum
824 734 1089 769 commentaria
1346 734 1407 768 lib.
1428 743 1454 768 1.

453 793 662 839 Deploratio
680 793 800 839 Regni
818 791 957 826 Scotiae
1344 791 1405 825 lib.
1426 801 1451 825 1.

454 850 724 885 controversiae
742 853 867 883 contra
886 848 1061 882 Sectarios
1346 849 1407 882 lib.
1428 857 1454 882 Ι.

453 907 498 942 In
515 907 707 940 Decretum
725 905 888 940 Gratiani
907 904 1183 939 Observationes
1345 906 1406 939 lib.
1428 915 1452 939 1.

451 964 594 1010 Adagia
611 964 748 998 Scotica
1344 963 1405 997 lib.
1427 971 1451 996 1.

355 1023 456 1058 Obiit
472 1021 639 1056 Lutetiae
661 1031 718 1055 an.
742 1020 869 1055 aetatis
892 1026 1069 1054 LXXXVI.
1096 1020 1201 1054 salut.
1229 1030 1314 1054 vero
1339 1020 1516 1054 humanae
1545 1029 1697 1055 MDcnI.

306 1089 421 1114 XXIV.
439 1079 557 1124 April.

353 1137 495 1171 Laudat
519 1137 622 1170 illum
643 1135 800 1169 Joannes
820 1133 995 1168 Gessaeus
1012 1133 1137 1168 Gallus
1164 1135 1203 1168 in
1227 1133 1372 1170 Delitiis
1399 1135 1592 1171 Poetarum
1618 1136 1701 1170 Gal—

305 1197 421 1230 lorum
438 1206 483 1229 ex
499 1194 703 1229 collectione
720 1192 872 1226 Ranutii
890 1191 1001 1226 Gheri
1019 1196 1110 1236 part.
1131 1201 1157 1225 1.

604 1256 734 1286 Phoenix
748 1255 841 1296 prisca
854 1260 941 1284 novat
956 1255 1078 1284 Phariae
1090 1255 1230 1285 miracula
1243 1260 1347 1290 terrae,

645 1304 740 1333 Solius
754 1303 884 1342 Aegypti
898 1313 965 1331 nam
977 1302 1038 1331 loca
1052 1302 1112 1332 sola
1125 1303 1202 1332 colit.

603 1352 646 1380 At.
659 1356 694 1380 tu
708 1351 859 1380 Scotorum
874 1349 970 1384 decus,
985 1355 1014 1379 et
1028 1360 1094 1389 pars
1108 1350 1242 1384 maxima,
1257 1351 1381 1389 praesul,

642 1398 728 1427 Unus
742 1408 772 1427 es
785 1408 802 1426 e
815 1397 926 1432 multis,
941 1407 1027 1436 quem
1041 1397 1101 1426 loca
1115 1397 1208 1427 multa
1222 1397 1329 1427 colunt.

761 1471 878 1507 ROB.
906 1471 1104 1507 BODIUS.
1158 1474 1241 1507 218.

305 1539 525 1573 ROBERTUS
542 1539 690 1579 Bodius,
708 1539 908 1573 adolescens
926 1538 1081 1582 optimae
1105 1539 1245 1579 indolis,
1263 1539 1490 1574 Aberdoniae
1510 1541 1621 1574 bonas
1645 1552 1700 1573 ar-

305 1602 357 1630 tes
375 1596 508 1636 didicit,
527 1607 616 1641 quas
635 1607 754 1630 secum
772 1596 975 1630 Lovanium
993 1596 1160 1637 inferens,
1179 1601 1332 1630 aetatem
1350 1608 1451 1631 suam
1470 1597 1617 1632 mirifice
1643 1609 1699 1632 or-

304 1654 429 1694 navit3
455 1654 581 1687 exinde
599 1654 753 1688 Romam
771 1653 981 1694 destinatus,
1000 1654 1198 1700 theologica
1221 1654 1272 1688 ita
1296 1655 1477 1695 delibavit,
1502 1660 1544 1689 ut
1567 1666 1699 1700 paucos

304 1723 406 1755 pares
420 1723 460 1745 ea
474 1716 588 1746 aetate
603 1711 753 1751 habeat3
773 1711 817 1744 ad
831 1711 917 1744 haec
931 1712 1087 1755 optimus
1101 1701 1216 1755 poeta,
1232 1712 1456 1756 antiquarius
1475 1713 1639 1759 insigniS‚
1653 1717 1699 1751 et,

305 1770 399 1812 quod
417 1769 535 1803 omnia
553 1773 709 1813 superat,
728 1768 865 1812 patriae
883 1779 1017 1803 amans.
1071 1768 1222 1813 Scripsit

452 1825 726 1872 Epigrammata
743 1826 838 1859 culta
1346 1826 1406 1861 lib.
1428 1837 1453 1861 1.

449 1883 630 1928 Epistolas
645 1885 688 1917 de
703 1883 825 1917 Rebus
839 1882 986 1918 Scoticis
1001 1884 1046 1918 ad
1061 1883 1239 1919 Thomam
1255 1885 1389 1929 Demp-

500 1946 635 1975 sterum
1347 1943 1407 1977 lib.
1429 1952 1453 1976 Ι.

354 1998 495 2033 Dicitur
512 1998 723 2033 Societatem
740 1999 764 2032 J
766 2010 829 2034 esu
846 1999 1039 2044 ingressus.

651 2096 886 2131 JOANNES
911 2096 1214 2132 BARCLAIUS.
1268 2102 1351 2137 219.

306 2171 496 2205 JOANNES
514 2171 709 2212 Barclaius,
730 2171 912 2206 Guilielmi
931 2171 1221 2207 Ponti-Mussani
1246 2173 1456 2218 professoris
1482 2174 1587 2215 filius,
1613 2176 1700 2219 quia

307 2234 406 2272 patre
423 2228 526 2263 scoto
543 2234 659 2269 natus,
678 2231 772 2264 inter
790 2229 914 2264 Scotos
932 2230 1049 2263 locum
1068 2230 1222 2265 habebit.
1275 2231 1370 2278 Ejus
1388 2237 1473 2266 sunt
1489 2245 1497 2266 z

454 2285 598 2332 Eeloga‚
618 2286 796 2332 Corydon,
1346 2289 1406 2324 lib.
1428 2299 1452 2323 Ι.

454 2343 623 2378 Poemata
1343 2347 1404 2381 lib.
1426 2356 1450 2380 1.

458 2400 611 2434 Paterna
624 2401 756 2442 Pietas,
774 2402 848 2436 sive
860 2402 1029 2437 Defensio
1045 2403 1172 2447 Operis
1192 2403 1324 2443 Patris,
1342 2405 1402 2438 lib.
1427 2413 1451 2437 1.
