2032 2912
320 303 382 334 160
704 301 937 333 HISTORIA
962 300 1334 333 ECCLESIASTICA

787 452 823 487 S.
851 452 1100 487 CALANUS.
1155 456 1236 491 270.

321 569 519 602 CALANUS
538 580 581 602 ex
599 568 853 603 vetustissimis
872 569 941 602 illis
960 568 1073 603 Scotis
1092 570 1154 614 qui
1177 570 1283 604 rudes
1306 570 1455 614 populos
1480 569 1585 603 fidem
1611 570 1718 604 docu-

319 631 432 659 erunt.
459 626 564 661 Joan.
591 626 760 660 Leslaeus
783 627 843 660 lib.
866 635 926 660 ΙΙΙ.
951 637 1031 672 pag.
1054 631 1185 661 CXXII.
1216 627 1350 661 Hector
1370 627 1545 661 Boethius
1572 628 1633 662 lib.
1657 637 1712 661 Vl.

319 683 416 717 Hist.
436 683 529 718 Scot.
547 695 630 730 pag.
650 693 765 718 XCIX.
794 689 815 704 “
833 684 934 718 Inter
953 690 1133 718 nostrates
1151 686 1273 719 eadem
1291 684 1390 719 fuere
1414 689 1635 729 tempestate,
1662 697 1717 720 sa-

317 752 375 774 cra
392 741 553 775 doctrina
570 743 754 786 pollentes,
773 741 1013 786 Amphibalus
1036 742 1197 782 antistes,
1222 742 1407 782 Modocus,
1433 742 1590 783 Priscus,
1616 743 1717 777 Cala-

315 809 394 839 nus,
428 799 620 840 Ferranus,
651 798 863 839 Ambianus,
890 804 925 833 et
949 799 1141 840 Carnocus,
1168 799 1236 833 Dei
1261 801 1424 840 cultores,
1450 799 1576 834 Culdei
1601 802 1717 845 prisca

315 861 437 890 nostra
454 857 578 902 lingua
596 857 738 903 vulgari
761 857 859 897 dicti,
887 856 1021 890 Christi
1048 856 1248 891 Servatoris
1275 857 1473 891 doctrinam
1501 869 1622 892 omnes
1650 870 1715 902 per

315 913 501 948 Scotorum
519 915 681 960 regiones
700 915 951 954 concionando,
966 915 1089 948 multis
1104 915 1243 959 piisque
1262 914 1452 948 sudoribus
1466 915 1715 949 seminantes.”

315 971 456 1005 Nomen
475 972 506 1005 ei
524 971 687 1006 fortassis
706 983 726 1005 a
744 972 1040 1017 gymnosophista
1057 972 1118 1006 illo
1136 972 1275 1012 celebri,
1294 972 1356 1016 qui
1375 971 1623 1006 Alexandrum
1638 973 1716 1007 Ma-

314 1029 478 1063 cedonem
498 1034 639 1063 secutus
657 1040 766 1074 pyrae
784 1040 820 1063 se
843 1029 1121 1063 comburendum
1147 1030 1282 1075 injecit,
1300 1034 1342 1063 ut
1366 1029 1593 1070 Plutarchus,
1612 1030 1716 1064 Arri-

313 1098 412 1127 anus,
428 1087 471 1126 Q.
487 1086 646 1127 Curtius,
661 1092 696 1121 et
707 1087 767 1121 alii
785 1087 968 1131 proditum
989 1088 1231 1121 monumentis
1249 1088 1490 1132 reliquerunt;
1511 1092 1605 1122 certe
1619 1088 1714 1122 enim

313 1144 375 1178 diu
402 1149 484 1178 ante
509 1144 595 1179 haec
619 1149 781 1189 tempora
803 1155 904 1190 reges
929 1146 1042 1178 nostri
1061 1146 1292 1190 antiquarum
1310 1146 1544 1180 historiarum
1562 1147 1713 1192 cogniti-

314 1214 416 1236 onem
436 1203 658 1242 invexerant,
678 1207 712 1236 et
730 1202 956 1236 familiaritas
974 1214 1054 1236 cum
1073 1203 1185 1237 doctis
1212 1203 1430 1244 hominibus,
1459 1214 1480 1237 a
1506 1202 1714 1238 Ptolomaeo

313 1271 396 1306 rege
414 1261 458 1293 ad
476 1261 586 1294 situm
604 1260 760 1306 regionis
779 1261 1036 1304 explorandum
1054 1261 1183 1300 missis,
1203 1265 1384 1295 contracta
1401 1261 1530 1295 fuerat.
1575 1260 1713 1295 Utcun-

313 1330 381 1362 que
399 1330 436 1353 se
449 1331 504 1353 res
523 1319 641 1359 habet,
660 1324 753 1353 certe
772 1319 926 1353 Calanus
946 1319 1001 1353 vir
1019 1319 1227 1364 praecipuae
1246 1319 1475 1364 dignationis.
1530 1318 1680 1363 Scripsit

461 1376 639 1410 Homilias
659 1377 701 1410 de
720 1377 862 1411 Sanctis
1257 1376 1318 1410 lib.
1339 1385 1363 1410 1.

461 1434 656 1468 Conciones
675 1435 719 1468 ad
739 1435 920 1479 Populum
1260 1434 1321 1468 lib.
1342 1443 1367 1467 1.

363 1491 530 1526 Florebat
548 1502 641 1525 anno
660 1500 855 1525 CCCLVJII.
909 1492 1049 1526 Colitur
1067 1500 1218 1525 XXVIII.
1239 1491 1414 1526 Novemb.

766 1607 801 1641 S.
829 1607 1108 1642 CARNOCUS.
1162 1609 1244 1644 271.

311 1722 471 1756 EADEM
489 1722 710 1767 professione
728 1727 764 1756 et
782 1722 917 1757 virtute
940 1723 1121 1757 Carnocus
1144 1722 1352 1763 habebatur,
1379 1723 1481 1768 cujus
1503 1724 1709 1758 memoriam

311 1781 416 1814 audio
434 1781 471 1813 in
489 1779 742 1814 Sutherlandia
758 1786 929 1825 tanquam
949 1782 1138 1815 sanctitate
1152 1782 1247 1815 vitae
1265 1781 1351 1814 clari
1366 1782 1429 1815 diu
1442 1787 1709 1824 conservatam
1772 1803 1775 1810 ·

313 1839 387 1872 sive
407 1839 455 1872 ibi
473 1838 539 1872 loci
563 1842 680 1877 natus,
705 1849 767 1872 seu
791 1839 922 1872 sanctis
947 1838 1069 1872 officiis
1091 1839 1236 1873 functus
1260 1844 1413 1879 tantum,
1440 1851 1505 1884 pro
1529 1846 1709 1885 comperto

313 1908 382 1930 non
402 1896 524 1929 habeo.
578 1895 718 1940 Scripta
735 1896 949 1930 interierunt
967 1897 1138 1942 temporis
1156 1897 1300 1942 injuria.

362 1954 515 1988 Vivebat
534 1964 627 1987 anno
645 1962 839 1988 CCCLVIH.
879 1953 902 1987 J
905 1966 983 1988 oan.
1003 1954 1172 1989 Leslaeus
1191 1956 1266 1989 loco
1284 1956 1441 1990 laudato.
1480 1955 1620 1990 Colitur
1639 1966 1706 1990 XV.

312 2012 334 2045 J
337 2013 423 2046 unii.

789 2111 825 2146 S.
853 2094 1103 2146 CELLACH.
1157 2114 1237 2150 272.

314 2187 349 2220 S.
377 2186 589 2227 CELLACH,
620 2187 695 2221 sive
725 2186 919 2227 Colleacus,
949 2191 1012 2221 aut
1043 2186 1262 2227 Coellachus,
1295 2197 1339 2220 ex
1366 2198 1488 2221 eorum
1520 2187 1706 2222 Scotorum

313 2244 384 2278 fuit
421 2255 569 2278 numero
606 2245 668 2290 qui
702 2245 877 2290 evangelii
913 2245 1047 2278 semina
1081 2244 1120 2278 in
1154 2243 1290 2290 Anglia
1324 2250 1543 2289 sparserunt,
1578 2247 1634 2279 vel
1670 2246 1707 2279 in

315 2302 472 2335 adultam
496 2306 650 2346 segetem
680 2307 714 2335 et
745 2301 874 2335 bonam
900 2301 1041 2348 frugem
1071 2303 1282 2336 eduxerunt.
1336 2307 1358 2321 ‘⁶
1376 2302 1563 2343 Colachus,
1585 2314 1707 2337 mona-

316 2359 401 2392 chus
422 2358 610 2398 Huensis,”
633 2363 782 2393 vocatur
801 2364 822 2378 “
842 2359 1058 2394 Merciorum
1081 2360 1285 2404 episcopus’'
1309 2372 1330 2394 a
1351 2359 1527 2394 Trithem.
1559 2361 1619 2394 lib.
1650 2370 1703 2394 1V.

317 2417 359 2450 de
384 2416 549 2450 illustrib.
581 2415 679 2451 Viris
706 2417 832 2451 Ordin.
865 2417 900 2452 S.
933 2417 1117 2452 Benedicti
1149 2429 1224 2462 cap.
1256 2427 1413 2453 CXLVII.
1446 2417 1705 2463 Episcopatum
