2032 2912
345 303 407 332 ‘222
727 302 957 335 HISTORIA
981 302 1351 336 ECCLESIASTICA

645 394 748 430 Qualis
763 395 882 424 Castalii
897 405 1010 433 praeses
1025 395 1129 434 Apollo
1143 395 1229 424 chori.

607 442 704 470 Sermo
717 447 778 470 erat
794 443 920 471 aetherei
935 443 970 471 de
984 443 1134 481 majestate
1148 443 1284 476 tonantis,

646 489 686 517 Ut
701 489 801 517 tulerit
815 495 927 518 nostrae
941 490 1110 518 conditionis
1124 500 1196 518 onus
1207 501 1215 524 ;

608 535 648 564 Ut
662 545 755 574 neque
771 542 930 565 concretam
944 537 1041 565 divina
1054 538 1184 575 potentia
1198 537 1291 566 labem

644 582 784 612 Hauserit
798 584 828 612 in
843 584 938 622 fragili
952 594 1067 623 corpore
1080 590 1156 613 tecta
1171 585 1292 613 hominis
1302 596 1312 619 ‚-

607 630 669 659 Nee
686 630 755 659 licet
768 632 799 659 in
814 633 888 660 servi
903 631 1034 660 dominus
1049 632 1228 660 descenderit
1242 637 1330 665 artus,

644 678 785 707 Naturam
801 679 933 708 exuerint
947 680 1074 708 membra
1088 679 1193 708 caduca
1207 689 1297 707 suam.

603 725 743 764 Quisquis
758 726 847 761 adest,
863 726 976 755 dubitat
991 726 1121 755 scholane
1136 727 1306 765 immigrarit
1320 726 1351 755 in
1365 727 1469 761 aulam,

642 773 691 800 An
704 773 794 810 magis
808 774 838 801 in
853 773 975 802 mediam
990 774 1102 803 venerit
1115 773 1180 802 aula
1194 774 1327 805 scholam.

602 819 719 858 Jupiter
733 821 909 859 Aethiopum
924 821 1053 850 convivia
1066 821 1142 849 solus
1155 821 1268 855 habeto,

643 867 724 896 Dum
739 868 809 896 mihi
824 868 960 897 concedas
973 868 1112 907 praesulis
1126 878 1173 896 ore
1187 868 1255 896 frui.

342 973 445 1013 Quod
463 976 682 1019 praeclarum
701 980 794 1010 certe
816 975 1059 1010 testimonium
1085 975 1123 1008 in
1145 986 1205 1009 ore
1228 974 1382 1008 hominis
1408 986 1430 1008 a
1453 985 1536 1008 vera
1559 975 1731 1021 religione

345 1037 417 1065 tam
436 1033 552 1067 alieni.
605 1033 698 1079 Ejus
716 1038 823 1069 sunt:

488 1090 633 1137 Virgilii
652 1091 771 1136 Opera
788 1091 934 1125 Scoticis
951 1090 1131 1135 rhythmis
1150 1092 1324 1126 translata
1346 1091 1407 1125 lib.
1428 1100 1453 1125 1.
1478 1091 1569 1125 mira
1594 1091 1727 1136 ingenii

534 1148 713 1189 felicitate,
731 1153 773 1183 ut
791 1149 952 1182 versibus
977 1160 1100 1183 versus
1125 1150 1388 1194 responderent,
1415 1149 1510 1193 quod
1536 1148 1631 1182 haud
1657 1149 1728 1182 scio

537 1218 581 1240 an
600 1208 800 1251 exemplum
819 1207 948 1241 habeat
967 1207 1003 1240 in
1022 1208 1246 1252 antiquitate.

487 1264 667 1298 Palatium
686 1264 844 1298 Honoris
1228 1264 1288 1298 lib.
1310 1273 1334 1297 1.

484 1321 625 1355 Aureae
644 1321 876 1357 Narrationes
1226 1322 1286 1356 lib.
1308 1331 1332 1355 1.

487 1379 696 1413 Comoediae
713 1380 849 1423 aliquot
866 1392 983 1414 sacrae
1226 1380 1287 1413 lib.
1308 1389 1333 1413 Ι.

486 1436 540 1471 De
558 1436 678 1470 Rebus
697 1436 841 1470 Scoticis
1227 1437 1287 1470 lib.
1309 1446 1333 1470 1.

389 1494 581 1528 Extinctus
609 1499 662 1528 est
688 1498 785 1538 peste
811 1494 966 1528 Londini
992 1499 1188 1540 grassante,
1216 1499 1387 1540 regnante
1412 1494 1545 1528 Jacobo
1562 1493 1606 1528 V.
1634 1505 1726 1527 anno

343 1561 494 1587 MDXXI.
548 1551 715 1585 Meminit
733 1551 901 1585 Leslaeus
919 1553 979 1586 lib.
1001 1562 1058 1586 lx.

798 1666 834 1700 S.
861 1666 1122 1701 DICULLUS.
1176 1666 1258 1701 406.

339 1783 373 1816 S.
394 1782 603 1816 DICULLUS
621 1775 801 1826 hie'paulo
818 1782 992 1826 posterior
1010 1787 1167 1827 tempore
1185 1783 1254 1816 alio
1272 1783 1314 1816 de
1340 1795 1411 1828 quo
1439 1782 1538 1816 Beda
1564 1782 1642 1816 libr.
1664 1791 1723 1816 111.

341 1839 477 1874 Histor.
497 1839 701 1874 Ecclesiast.
721 1840 825 1874 Gent.
844 1839 994 1886 Anglor.
1014 1851 1088 1884 cap.
1109 1849 1260 1874 XXVIII.
1289 1845 1310 1860 “
1328 1840 1418 1875 Erat
1445 1846 1564 1874 autem
1583 1840 1632 1874 ibi
1651 1851 1723 1874 mo-

339 1898 472 1931 nachus
490 1898 633 1942 quidam
652 1898 694 1931 de
713 1898 855 1931 natione
873 1897 1069 1937 Scotorum,
1097 1898 1266 1932 vocabulo
1290 1897 1407 1938 Dicul,
1434 1897 1566 1931 habens
1584 1908 1723 1930 monas-

338 1956 502 1989 teriolum
520 1956 556 1989 in
575 1956 649 1989 loco
667 1956 727 2000 qui
751 1960 897 1989 vocatur
919 1955 1132 1995 Bosanham,
1157 1956 1256 1989 silvis
1281 1961 1316 1989 et
1336 1956 1427 1990 mari
1450 1950 1719 1994 circumdatum,

339 2014 427 2047 etin
446 2026 485 2047 eo
509 2013 635 2047 fratres
660 2013 815 2057 quinque
838 2013 913 2046 sive
935 2024 996 2046 sex
1019 2013 1056 2046 in
1079 2013 1206 2046 humili
1233 2019 1268 2048 et
1291 2024 1445 2058 paupere
1469 2012 1544 2046 vita
1567 2011 1721 2045 Domino

340 2070 583 2105 fa1nulantes.”
634 2071 733 2111 Quae
751 2071 859 2105 verba
875 2070 981 2104 habet
999 2070 1124 2104 Surius
1148 2071 1185 2104 in
1212 2070 1299 2105 Vita
1325 2071 1361 2105 S.
1388 2070 1549 2104 wilfridi
1576 2074 1662 2103 tom.
1682 2079 1718 2103 v.

339 2130 394 2162 die
412 2138 486 2163 XII.
505 2128 648 2163 Octobr.
693 2128 893 2163 Camdenus
912 2128 1056 2163 Scotum
1074 2128 1170 2168 facit,
1189 2133 1224 2163 et
1243 2129 1498 2163 monasterium
1517 2129 1608 2162 locat
1627 2128 1720 2162 inter

339 2186 468 2220 Sussex
487 2191 520 2220 et
539 2186 811 2231 Southampton,
830 2198 910 2232 pag.
931 2195 1119 2220 CCXXIIX.
1173 2185 1322 2230 Scripsit

485 2241 545 2277 Ad
564 2245 803 2278 Occidentales
822 2244 977 2278 Saxones
995 2243 1274 2278 Exhortationes
1415 2244 1475 2277 lib.
1496 2252 1520 2276 Ι.

388 2300 526 2334 Floruit
544 2313 635 2335 anno
653 2310 886 2336 DCLXXXIX.
938 2301 1106 2335 Sanctum
1125 2306 1229 2346 putat
1252 2301 1396 2334 ecclesia
1422 2300 1569 2340 Scotica,
1589 2310 1632 2332 ex
1651 2299 1719 2332 Be-

339 2359 381 2391 da
397 2358 455 2391 lib.
472 2367 530 2391 111.
548 2358 643 2392 Hist.
659 2358 792 2393 Eccles.
812 2358 961 2405 Anglor.
981 2370 1056 2403 cap.
1073 2368 1160 2392 xlx.
1197 2358 1338 2392 Colitur
1356 2367 1412 2392 XI.
1432 2357 1536 2392 Febr.
1558 2366 1582 2390 1.
1600 2356 1713 2389 Junii.
