2032 2912
315 310 335 338 6
692 300 919 334 HISTORIA
942 296 1312 330 ECCLESIASTICA

750 450 787 484 S.
813 446 1170 483 ADALBERTUS.
1223 448 1257 480 5.

321 572 355 605 S.
374 570 662 607 ADALBERTUS,
686 566 765 600 aliis
790 564 1015 601 Adelbertus,
1042 561 1164 607 Belgis
1190 564 1348 594 sanctam
1372 569 1516 604 operam
1542 558 1704 598 navavit,

321 637 424 672 quem
450 626 592 660 Scotum
615 623 762 658 Natales
787 620 922 656 Molani
946 618 1148 653 ostendunt.
1173 615 1351 651 Bonifacii
1374 615 1472 650 Scoti
1496 616 1703 660 discipulus,

320 696 360 719 ac
377 684 438 718 SS.
457 683 536 717 albo
554 682 736 726 ascriptus.
789 678 964 713 Trithem.
983 676 1043 710 lib.
1064 684 1124 709 111.
1143 675 1186 708 de
1199 673 1277 708 Vir.
1297 673 1427 707 illustr.
1443 673 1570 707 Ordin.
1585 672 1621 707 S.
1637 673 1707 707 Be-

320 742 449 776 nedicti
467 751 540 785 cap.
556 747 757 773 ccxxvnl.
777 742 811 771 et
827 736 887 770 lib.
907 743 960 768 1v.
978 743 1053 776 cap.
1069 738 1174 764 CCVI.
1212 728 1352 763 Relicta
1364 729 1446 763 sede
1459 739 1524 763 sua
1539 727 1706 763 Hieroso-

321 802 433 844 lymas
457 797 635 843 cogitavit,
659 796 719 829 sed
742 793 914 828 divinitus
938 788 1139 825 admonitus
1163 787 1279 821 Roma
1302 786 1419 826 rediit,
1438 790 1474 820 et
1491 797 1556 830 pro
1573 786 1642 819 fide
1660 785 1705 819 ab

322 855 518 889 infidelibus
545 864 674 892 caesus,
702 851 892 886 Benedicto
915 848 979 883 VI.
1003 844 1178 891 pontifice,
1202 848 1238 878 et
1261 843 1404 877 Othone
1431 843 1501 877 III.
1526 843 1706 889 Augusto,

322 912 455 946 Culeno
478 922 551 945 rem
578 909 750 944 Scoticam
775 907 1056 942 administrante.
1108 901 1277 936 Meminit
1294 901 1371 946 ejus
1390 900 1464 934 Leo
1483 900 1707 934 Marsicanus

322 968 507 1003 cardinalis
535 968 594 1001 lib.
627 975 669 1000 11.
702 966 797 1000 Hist.
829 964 947 998 Oasin.
976 972 1051 1005 cap.
1080 968 1184 994 XVII.
1236 958 1381 992 Scotum
1412 957 1522 992 fuisse
1553 957 1706 991 declarat

322 1026 526 1069 opusculum
560 1023 638 1058 MS.
673 1024 711 1057 in
745 1021 954 1057 bibliotheca
988 1018 1092 1053 Pauli
1133 1016 1274 1050 Petavii
1315 1015 1488 1050 senatoris
1531 1014 1708 1048 Parisien-

322 1093 369 1115 Sls
386 1092 394 1116 ἶ

466 1138 520 1172 De
538 1137 659 1171 divina
677 1135 923 1170 Misericordia
940 1132 1125 1168 Adelberti
1143 1131 1239 1165 Scoti
1389 1130 1452 1164 lib.
1473 1138 1498 1163 Ι.

371 1195 507 1229 Floruit
526 1206 619 1228 anno
637 1201 782 1228 DCCLV.
808 1192 995 1226 Praeterea
1018 1189 1054 1223 S.
1081 1188 1250 1222 Hieronis
1274 1186 1430 1221 concivis
1453 1186 1586 1219 dicitur
1603 1196 1624 1218 a
1642 1184 1709 1218 Re-

326 1264 408 1286 nero
426 1252 519 1285 Snoo
536 1252 597 1285 lib.
617 1260 654 1284 V.
674 1250 758 1284 Rer.
777 1249 978 1282 Batavicar.
997 1257 1081 1291 pag.
1102 1253 1185 1279 LVI.
1212 1244 1305 1279 Vide
1328 1244 1388 1279 lib.
1408 1251 1497 1277 V111.
1521 1241 1616 1276 infra
1639 1242 1707 1275 hic.

325 1309 462 1343 Colitur
479 1309 515 1342 in
534 1307 722 1353 Egmonda
740 1314 839 1340 XXV.
856 1305 879 1338 J
882 1305 966 1338 unii.
1018 1302 1150 1336 Uvion.

813 1419 848 1453 S.
873 1416 1131 1453 ADELMUS.
1182 1415 1216 1450 6.

326 1537 359 1570 S.
388 1537 604 1576 ADELMUs‚
635 1536 710 1569 sive
741 1533 950 1572 Adhelmus,
980 1532 1055 1566 sive
1086 1531 1314 1571 Anthelmus,
1342 1531 1404 1564 sed
1434 1535 1468 1564 et
1493 1529 1709 1569 Althelmus,

325 1598 554 1640 cognomento
568 1592 776 1631 Bladuinus,
795 1595 868 1630 aut,
882 1594 923 1624 ut
938 1589 1117 1623 nonnullis
1132 1589 1261 1628 visum,
1274 1587 1500 1622 Durobellus.
1521 1591 1542 1607 “
1556 1586 1711 1621 Sanctis-

325 1651 434 1684 simus
453 1655 487 1684 et
510 1649 769 1683 eruditissimus
791 1648 971 1681 Saxonum
995 1646 1167 1690 praesu1.”
1217 1645 1321 1679 Joan.
1346 1657 1366 1678 a
1389 1645 1546 1679 Cbokier
1568 1645 1629 1678 lib.
1654 1653 1708 1678 1V.

326 1706 497 1740 Thesaur.
513 1706 618 1740 Polit.
633 1717 705 1749 cap.
721 1714 762 1738 11.
798 1704 822 1737 J
824 1715 872 1738 ac.
888 1703 1032 1736 Lectius
1047 1702 1152 1737 Notis
1167 1703 1211 1736 ad
1225 1693 1487 1747 Epigrammat.
1503 1706 1537 1736 et
1552 1702 1709 1736 Poemat-

327 1769 444 1797 vetera
461 1774 540 1808 pag.
561 1771 698 1795 exelx.
719 1766 741 1781 “
753 1760 933 1795 Aldhelmi
949 1759 1043 1793 Scoti
1057 1759 1274 1805 Aenigmata
1291 1769 1362 1792 non
1380 1759 1586 1802 putavimus
1604 1758 1709 1792 eden-

326 1820 400 1853 ‹la.''
451 1819 580 1853 Graece
598 1819 794 1862 Latineque
812 1827 920 1861 supra
937 1827 1013 1850 eam
1033 1820 1184 1850 aetatem
1203 1815 1375 1849 eruditus.
1428 1814 1463 1849 S.
1483 1815 1618 1849 Kiliani
1637 1816 1712 1848 dis-

326 1877 460 1920 cipulus
478 1876 514 1909 in
535 1876 668 1921 Anglia
684 1874 840 1914 florebat,
865 1874 916 1908 ait
940 1873 1156 1919 Sigebertus,
1182 1883 1275 1907 anno
1294 1881 1461 1906 DCXCIV.
1488 1872 1707 1906 Coenobium

309 1934 383 1967 ·hic
413 1932 724 1966 Malmesburiense
754 1932 791 1964 in
821 1930 955 1977 Anglia
984 1931 1042 1974 pie
1071 1930 1189 1970 abbas,
1221 1929 1422 1974 Maldulphi
1450 1929 1545 1963 Scoti
1572 1940 1709 1963 succes-

329 2002 396 2031 sor,
416 1990 528 2023 rexit:
554 1989 811 2022 Maildulbense
829 1992 942 2028 vocat,
962 1993 998 2022 et
1014 1988 1051 2020 in
1070 1987 1188 2021 Scotia
1211 1987 1355 2021 collocat
1379 1986 1556 2020 Trithem.
1580 1987 1641 2020 lib.
1666 1988 1709 2020 de

327 2047 452 2091 Script.
484 2047 684 2080 Ecclesiast.
715 2057 795 2091 pag.
828 2053 1009 2079 CCXLVn.
1041 2043 1135 2077 Nam
1165 2055 1245 2078 cum
1276 2044 1314 2077 in
1350 2043 1466 2083 Italia,
1503 2043 1704 2084 Germania,

330 2104 510 2148 Galliaque
536 2104 579 2137 ab
605 2104 749 2137 ineunte
775 2107 889 2136 aetate
916 2102 1059 2146 optimis
1090 2102 1227 2135 artibus
1257 2101 1487 2141 incubuisset,
1518 2101 1569 2135 ita
1599 2102 1709 2135 musi-

329 2172 382 2194 ces
408 2166 443 2195 et
468 2161 617 2205 poetices
644 2160 763 2194 studia
787 2159 955 2199 exercuit,
982 2164 1023 2192 ut
1048 2170 1119 2192 non
1145 2158 1264 2192 minus
1290 2159 1383 2192 inter
1413 2158 1708 2193 celebratissimos

329 2218 382 2251 sui
408 2218 485 2251 aevi
511 2218 690 2263 theologos
716 2216 916 2251 haberetur.
967 2216 1086 2255 Quare
1113 2215 1195 2249 Inas
1226 2215 1495 2250 occidentalium
1526 2215 1708 2250 Saxonum

330 2285 391 2307 rex
416 2285 495 2307 eum
522 2285 649 2319 magno
674 2275 749 2308 loco
774 2274 921 2314 habuit3
949 2274 1050 2319 cujus
1076 2273 1187 2306 filium
1214 2273 1299 2307 facit
1324 2274 1561 2318 impudenter,
1586 2278 1627 2308 ut
1654 2285 1709 2308 so-

330 2332 387 2370 let,
406 2334 440 2364 et
457 2331 553 2364 nullo
571 2336 721 2371 auctore,
744 2330 899 2365 Joannes
923 2330 1156 2376 Capgravius,
1180 2330 1310 2375 aliique
1333 2331 1410 2377 ejus
1434 2330 1570 2365 farinae
1586 2331 1707 2365 haere-

333 2388 416 2421 tici:
443 2387 513 2421 imo
539 2398 557 2421 e
583 2386 699 2422 Scotia
724 2399 802 2422 cum
829 2387 864 2421 S.
892 2387 1103 2432 Maidulpho
1129 2399 1301 2433 egressus,
1325 2388 1579 2433 discipulorum
1597 2387 1708 2432 ipsius
