<?xml version="1.0" encoding="UTF-8"?>
<!DOCTYPE html PUBLIC "-//W3C//DTD XHTML 1.0 Transitional//EN"
    "http://www.w3.org/TR/xhtml1/DTD/xhtml1-transitional.dtd">
<html xmlns="http://www.w3.org/1999/xhtml" xml:lang="en" lang="en">
 <head>
  <title>
</title>
<meta http-equiv="Content-Type" content="text/html;charset=utf-8" />
  <meta name='ocr-system' content='tesseract 3.04.00' />
  <meta name='ocr-capabilities' content='ocr_page ocr_carea ocr_par ocr_line ocrx_word'/>
</head>
<body>
  <div class='ocr_page' id='page_1' title='image "./thomaedempste2101dempuoft_0274.png"; bbox 0 0 2032 2912; ppageno 0'>
   <div class='ocr_carea' id='block_1_1' title="bbox 315 296 1334 331">
    <p class='ocr_par' dir='ltr' id='par_1_1' title="bbox 315 296 1334 331">
     <span class='ocr_line' id='line_1_1' title="bbox 315 296 1334 331; baseline 0 -1"><span class='ocrx_word' id='word_1_1' title='bbox 315 300 379 331; x_wconf 64' lang='lat'>212</span> <span class='ocrx_word' id='word_1_2' title='bbox 700 297 933 330; x_wconf 88' lang='lat' dir='ltr'>HISTORIA</span> <span class='ocrx_word' id='word_1_3' title='bbox 958 296 1334 330; x_wconf 84' lang='lat' dir='ltr'>ECCLESIASTICA</span> 
     </span>
    </p>
   </div>
   <div class='ocr_carea' id='block_1_2' title="bbox 257 392 1718 1712">
    <p class='ocr_par' dir='ltr' id='par_1_2' title="bbox 257 392 1718 1712">
     <span class='ocr_line' id='line_1_2' title="bbox 317 392 1713 440; baseline 0.001 -11"><span class='ocrx_word' id='word_1_4' title='bbox 317 396 456 440; x_wconf 84' lang='lat' dir='ltr'>quibus,</span> <span class='ocrx_word' id='word_1_5' title='bbox 475 394 576 439; x_wconf 85' lang='lat' dir='ltr'>quasi</span> <span class='ocrx_word' id='word_1_6' title='bbox 594 393 704 433; x_wconf 89' lang='lat' dir='ltr'>trabe,</span> <span class='ocrx_word' id='word_1_7' title='bbox 723 392 912 437; x_wconf 86' lang='lat' dir='ltr'>pependit:</span> <span class='ocrx_word' id='word_1_8' title='bbox 939 403 1063 426; x_wconf 89' lang='lat' dir='ltr'>verum</span> <span class='ocrx_word' id='word_1_9' title='bbox 1082 392 1271 427; x_wconf 84' lang='lat' dir='ltr'>Versarius</span> <span class='ocrx_word' id='word_1_10' title='bbox 1290 392 1335 426; x_wconf 95' lang='lat' dir='ltr'>ab</span> <span class='ocrx_word' id='word_1_11' title='bbox 1352 404 1393 427; x_wconf 93' lang='lat' dir='ltr'>eo</span> <span class='ocrx_word' id='word_1_12' title='bbox 1411 393 1456 426; x_wconf 89' lang='lat' dir='ltr'>ad</span> <span class='ocrx_word' id='word_1_13' title='bbox 1474 393 1586 427; x_wconf 88' lang='lat' dir='ltr'>vitam</span> <span class='ocrx_word' id='word_1_14' title='bbox 1612 405 1713 431; x_wconf 91' lang='lat' dir='ltr'>revo-</span> 
     </span>
     <span class='ocr_line' id='line_1_3' title="bbox 317 451 1715 497; baseline 0 -10"><span class='ocrx_word' id='word_1_15' title='bbox 317 459 428 492; x_wconf 78' lang='lat' dir='ltr'>catus,</span> <span class='ocrx_word' id='word_1_16' title='bbox 447 457 563 486; x_wconf 92' lang='lat' dir='ltr'>totum</span> <span class='ocrx_word' id='word_1_17' title='bbox 587 451 844 495; x_wconf 84' lang='lat' dir='ltr'>patrimonium</span> <span class='ocrx_word' id='word_1_18' title='bbox 862 451 1078 485; x_wconf 89' lang='lat' dir='ltr'>monasterio</span> <span class='ocrx_word' id='word_1_19' title='bbox 1101 451 1298 485; x_wconf 87' lang='lat' dir='ltr'>extruendo</span> <span class='ocrx_word' id='word_1_20' title='bbox 1316 451 1507 497; x_wconf 84' lang='lat' dir='ltr'>dilargitus</span> <span class='ocrx_word' id='word_1_21' title='bbox 1525 456 1588 486; x_wconf 88' lang='lat' dir='ltr'>est.</span> <span class='ocrx_word' id='word_1_22' title='bbox 1639 453 1715 487; x_wconf 92' lang='lat' dir='ltr'>Nec</span> 
     </span>
     <span class='ocr_line' id='line_1_4' title="bbox 317 508 1715 555; baseline 0 -11"><span class='ocrx_word' id='word_1_23' title='bbox 317 511 443 544; x_wconf 87' lang='lat' dir='ltr'>omitto</span> <span class='ocrx_word' id='word_1_24' title='bbox 465 520 591 554; x_wconf 88' lang='lat' dir='ltr'>aprum</span> <span class='ocrx_word' id='word_1_25' title='bbox 615 520 636 543; x_wconf 88' lang='lat' dir='ltr'>a</span> <span class='ocrx_word' id='word_1_26' title='bbox 660 508 890 542; x_wconf 84' lang='lat' dir='ltr'>venatoribus</span> <span class='ocrx_word' id='word_1_27' title='bbox 911 519 1084 552; x_wconf 87' lang='lat' dir='ltr'>pressum,</span> <span class='ocrx_word' id='word_1_28' title='bbox 1109 510 1153 543; x_wconf 83' lang='lat' dir='ltr'>ad</span> <span class='ocrx_word' id='word_1_29' title='bbox 1177 520 1269 549; x_wconf 88' lang='lat' dir='ltr'>eum,</span> <span class='ocrx_word' id='word_1_30' title='bbox 1294 509 1444 543; x_wconf 89' lang='lat' dir='ltr'>subsidii</span> <span class='ocrx_word' id='word_1_31' title='bbox 1471 520 1567 555; x_wconf 88' lang='lat' dir='ltr'>ergo,</span> <span class='ocrx_word' id='word_1_32' title='bbox 1592 510 1715 544; x_wconf 89' lang='lat' dir='ltr'>confu-</span> 
     </span>
     <span class='ocr_line' id='line_1_5' title="bbox 314 566 1713 614; baseline 0.001 -13"><span class='ocrx_word' id='word_1_33' title='bbox 314 569 419 614; x_wconf 86' lang='lat' dir='ltr'>gisse,</span> <span class='ocrx_word' id='word_1_34' title='bbox 443 572 478 601; x_wconf 88' lang='lat' dir='ltr'>et</span> <span class='ocrx_word' id='word_1_35' title='bbox 502 567 729 601; x_wconf 85' lang='lat' dir='ltr'>securitatem</span> <span class='ocrx_word' id='word_1_36' title='bbox 753 567 961 611; x_wconf 82' lang='lat' dir='ltr'>percepisse.</span> <span class='ocrx_word' id='word_1_37' title='bbox 1015 566 1114 600; x_wconf 87' lang='lat' dir='ltr'>Haec</span> <span class='ocrx_word' id='word_1_38' title='bbox 1139 566 1268 601; x_wconf 88' lang='lat' dir='ltr'>Petrus</span> <span class='ocrx_word' id='word_1_39' title='bbox 1292 567 1353 601; x_wconf 94' lang='lat' dir='ltr'>lib.</span> <span class='ocrx_word' id='word_1_40' title='bbox 1380 576 1423 601; x_wconf 92' lang='lat'>11.</span> <span class='ocrx_word' id='word_1_41' title='bbox 1449 566 1612 614; x_wconf 85' lang='lat' dir='ltr'>Catalogi</span> <span class='ocrx_word' id='word_1_42' title='bbox 1637 579 1713 613; x_wconf 87' lang='lat' dir='ltr'>cap.</span> 
     </span>
     <span class='ocr_line' id='line_1_6' title="bbox 316 624 1714 669; baseline 0 -10"><span class='ocrx_word' id='word_1_43' title='bbox 316 634 449 659; x_wconf 85' lang='lat' dir='ltr'>XCIIX.</span> <span class='ocrx_word' id='word_1_44' title='bbox 474 630 509 660; x_wconf 85' lang='lat' dir='ltr'>et</span> <span class='ocrx_word' id='word_1_45' title='bbox 530 630 614 659; x_wconf 90' lang='lat' dir='ltr'>ante</span> <span class='ocrx_word' id='word_1_46' title='bbox 638 636 720 659; x_wconf 92' lang='lat' dir='ltr'>eum</span> <span class='ocrx_word' id='word_1_47' title='bbox 743 624 956 659; x_wconf 88' lang='lat' dir='ltr'>Vincentius</span> <span class='ocrx_word' id='word_1_48' title='bbox 980 624 1242 658; x_wconf 87' lang='lat' dir='ltr'>Bellovacensis</span> <span class='ocrx_word' id='word_1_49' title='bbox 1269 625 1329 658; x_wconf 90' lang='lat' dir='ltr'>lib.</span> <span class='ocrx_word' id='word_1_50' title='bbox 1350 634 1475 658; x_wconf 82' lang='lat' dir='ltr'>XXIII.</span> <span class='ocrx_word' id='word_1_51' title='bbox 1494 636 1569 669; x_wconf 89' lang='lat' dir='ltr'>cap.</span> <span class='ocrx_word' id='word_1_52' title='bbox 1591 635 1633 659; x_wconf 88' lang='lat'>11.</span> <span class='ocrx_word' id='word_1_53' title='bbox 1655 635 1714 660; x_wconf 91' lang='lat'>111.</span> 
     </span>
     <span class='ocr_line' id='line_1_7' title="bbox 316 681 1714 729; baseline 0.001 -12"><span class='ocrx_word' id='word_1_54' title='bbox 316 692 368 717; x_wconf 83' lang='lat' dir='ltr'>IV.</span> <span class='ocrx_word' id='word_1_55' title='bbox 393 688 545 729; x_wconf 89' lang='lat' dir='ltr'>utroque</span> <span class='ocrx_word' id='word_1_56' title='bbox 563 683 739 728; x_wconf 87' lang='lat' dir='ltr'>posterior</span> <span class='ocrx_word' id='word_1_57' title='bbox 757 682 934 717; x_wconf 90' lang='lat' dir='ltr'>Trithem.</span> <span class='ocrx_word' id='word_1_58' title='bbox 960 682 1021 716; x_wconf 95' lang='lat' dir='ltr'>lib.</span> <span class='ocrx_word' id='word_1_59' title='bbox 1048 691 1109 716; x_wconf 88' lang='lat'>111.</span> <span class='ocrx_word' id='word_1_60' title='bbox 1133 681 1212 717; x_wconf 92' lang='lat' dir='ltr'>Vir.</span> <span class='ocrx_word' id='word_1_61' title='bbox 1239 683 1350 717; x_wconf 91' lang='lat' dir='ltr'>illust.</span> <span class='ocrx_word' id='word_1_62' title='bbox 1371 683 1498 716; x_wconf 90' lang='lat' dir='ltr'>Ordin.</span> <span class='ocrx_word' id='word_1_63' title='bbox 1519 683 1555 717; x_wconf 89' lang='lat' dir='ltr'>S.</span> <span class='ocrx_word' id='word_1_64' title='bbox 1580 684 1714 718; x_wconf 89' lang='lat' dir='ltr'>Bened.</span> 
     </span>
     <span class='ocr_line' id='line_1_8' title="bbox 314 739 1715 785; baseline -0.001 -9"><span class='ocrx_word' id='word_1_65' title='bbox 314 752 389 785; x_wconf 88' lang='lat' dir='ltr'>cap.</span> <span class='ocrx_word' id='word_1_66' title='bbox 409 750 494 775; x_wconf 83' lang='lat' dir='ltr'>LXI.</span> <span class='ocrx_word' id='word_1_67' title='bbox 518 741 581 776; x_wconf 91' lang='lat' dir='ltr'>ubi</span> <span class='ocrx_word' id='word_1_68' title='bbox 599 752 698 775; x_wconf 89' lang='lat' dir='ltr'>error</span> <span class='ocrx_word' id='word_1_69' title='bbox 715 740 760 774; x_wconf 88' lang='lat' dir='ltr'>ab</span> <span class='ocrx_word' id='word_1_70' title='bbox 777 741 904 785; x_wconf 89' lang='lat' dir='ltr'>operis,</span> <span class='ocrx_word' id='word_1_71' title='bbox 928 745 964 774; x_wconf 91' lang='lat' dir='ltr'>et</span> <span class='ocrx_word' id='word_1_72' title='bbox 987 739 1174 773; x_wconf 88' lang='lat' dir='ltr'>Luttensis</span> <span class='ocrx_word' id='word_1_73' title='bbox 1198 751 1263 784; x_wconf 93' lang='lat' dir='ltr'>pro</span> <span class='ocrx_word' id='word_1_74' title='bbox 1287 740 1483 774; x_wconf 90' lang='lat' dir='ltr'>Sutriensis</span> <span class='ocrx_word' id='word_1_75' title='bbox 1508 742 1715 776; x_wconf 88' lang='lat' dir='ltr'>monasterii</span> 
     </span>
     <span class='ocr_line' id='line_1_9' title="bbox 311 797 1716 842; baseline -0.001 -8"><span class='ocrx_word' id='word_1_76' title='bbox 311 799 419 834; x_wconf 86' lang='lat' dir='ltr'>abbas</span> <span class='ocrx_word' id='word_1_77' title='bbox 437 799 580 834; x_wconf 91' lang='lat' dir='ltr'>dicitur.</span> <span class='ocrx_word' id='word_1_78' title='bbox 624 798 769 833; x_wconf 92' lang='lat' dir='ltr'>Scotum</span> <span class='ocrx_word' id='word_1_79' title='bbox 787 809 863 832; x_wconf 87' lang='lat' dir='ltr'>esse</span> <span class='ocrx_word' id='word_1_80' title='bbox 880 798 966 832; x_wconf 90' lang='lat' dir='ltr'>haec</span> <span class='ocrx_word' id='word_1_81' title='bbox 983 797 1146 842; x_wconf 88' lang='lat' dir='ltr'>probant,</span> <span class='ocrx_word' id='word_1_82' title='bbox 1165 801 1201 831; x_wconf 90' lang='lat' dir='ltr'>et</span> <span class='ocrx_word' id='word_1_83' title='bbox 1218 798 1314 842; x_wconf 91' lang='lat' dir='ltr'>quod</span> <span class='ocrx_word' id='word_1_84' title='bbox 1332 798 1369 831; x_wconf 92' lang='lat' dir='ltr'>in</span> <span class='ocrx_word' id='word_1_85' title='bbox 1383 798 1500 842; x_wconf 86' lang='lat' dir='ltr'>patria</span> <span class='ocrx_word' id='word_1_86' title='bbox 1518 797 1554 832; x_wconf 90' lang='lat' dir='ltr'>S.</span> <span class='ocrx_word' id='word_1_87' title='bbox 1570 798 1716 833; x_wconf 88' lang='lat' dir='ltr'>Colum-</span> 
     </span>
     <span class='ocr_line' id='line_1_10' title="bbox 312 854 1716 902; baseline -0.001 -10"><span class='ocrx_word' id='word_1_88' title='bbox 312 858 395 892; x_wconf 90' lang='lat' dir='ltr'>bani</span> <span class='ocrx_word' id='word_1_89' title='bbox 414 857 609 902; x_wconf 90' lang='lat' dir='ltr'>discipulus</span> <span class='ocrx_word' id='word_1_90' title='bbox 626 856 747 896; x_wconf 87' lang='lat' dir='ltr'>fuerit,</span> <span class='ocrx_word' id='word_1_91' title='bbox 765 860 801 890; x_wconf 90' lang='lat' dir='ltr'>et</span> <span class='ocrx_word' id='word_1_92' title='bbox 818 856 914 900; x_wconf 91' lang='lat' dir='ltr'>quod</span> <span class='ocrx_word' id='word_1_93' title='bbox 931 867 972 889; x_wconf 88' lang='lat' dir='ltr'>eo</span> <span class='ocrx_word' id='word_1_94' title='bbox 989 854 1106 900; x_wconf 87' lang='lat' dir='ltr'>patria</span> <span class='ocrx_word' id='word_1_95' title='bbox 1120 859 1282 894; x_wconf 84' lang='lat' dir='ltr'>exeunte,</span> <span class='ocrx_word' id='word_1_96' title='bbox 1298 855 1374 898; x_wconf 89' lang='lat' dir='ltr'>ipse</span> <span class='ocrx_word' id='word_1_97' title='bbox 1388 855 1571 889; x_wconf 86' lang='lat' dir='ltr'>debilitate</span> <span class='ocrx_word' id='word_1_98' title='bbox 1584 857 1716 900; x_wconf 89' lang='lat' dir='ltr'>pedum</span> 
     </span>
     <span class='ocr_line' id='line_1_11' title="bbox 312 913 1718 953; baseline -0.001 -3"><span class='ocrx_word' id='word_1_99' title='bbox 312 916 352 950; x_wconf 88' lang='lat' dir='ltr'>in</span> <span class='ocrx_word' id='word_1_100' title='bbox 369 915 561 950; x_wconf 86' lang='lat' dir='ltr'>Britannia</span> <span class='ocrx_word' id='word_1_101' title='bbox 578 914 792 953; x_wconf 88' lang='lat' dir='ltr'>substiterit,</span> <span class='ocrx_word' id='word_1_102' title='bbox 816 917 858 947; x_wconf 90' lang='lat' dir='ltr'>ut</span> <span class='ocrx_word' id='word_1_103' title='bbox 881 913 1017 947; x_wconf 87' lang='lat' dir='ltr'>laudati</span> <span class='ocrx_word' id='word_1_104' title='bbox 1039 916 1201 946; x_wconf 85' lang='lat' dir='ltr'>auctores</span> <span class='ocrx_word' id='word_1_105' title='bbox 1225 916 1429 947; x_wconf 85' lang='lat' dir='ltr'>testantur:</span> <span class='ocrx_word' id='word_1_106' title='bbox 1457 917 1535 946; x_wconf 89' lang='lat' dir='ltr'>tum</span> <span class='ocrx_word' id='word_1_107' title='bbox 1553 914 1661 948; x_wconf 87' lang='lat' dir='ltr'>etiam</span> <span class='ocrx_word' id='word_1_108' title='bbox 1680 915 1718 948; x_wconf 90' lang='lat' dir='ltr'>id</span> 
     </span>
     <span class='ocr_line' id='line_1_12' title="bbox 312 969 1717 1015; baseline -0.001 -7"><span class='ocrx_word' id='word_1_109' title='bbox 312 985 384 1008; x_wconf 89' lang='lat' dir='ltr'>vox</span> <span class='ocrx_word' id='word_1_110' title='bbox 411 974 557 1012; x_wconf 87' lang='lat' dir='ltr'>indicat,</span> <span class='ocrx_word' id='word_1_111' title='bbox 586 983 667 1006; x_wconf 90' lang='lat' dir='ltr'>eum</span> <span class='ocrx_word' id='word_1_112' title='bbox 699 983 744 1005; x_wconf 84' lang='lat' dir='ltr'>ex</span> <span class='ocrx_word' id='word_1_113' title='bbox 771 971 842 1004; x_wconf 91' lang='lat' dir='ltr'>illis</span> <span class='ocrx_word' id='word_1_114' title='bbox 867 970 1109 1005; x_wconf 84' lang='lat' dir='ltr'>sacerdotibus</span> <span class='ocrx_word' id='word_1_115' title='bbox 1136 970 1268 1004; x_wconf 83' lang='lat' dir='ltr'>sanctis</span> <span class='ocrx_word' id='word_1_116' title='bbox 1296 969 1418 1011; x_wconf 89' lang='lat' dir='ltr'>fuisse,</span> <span class='ocrx_word' id='word_1_117' title='bbox 1445 971 1509 1015; x_wconf 91' lang='lat' dir='ltr'>qui</span> <span class='ocrx_word' id='word_1_118' title='bbox 1535 972 1717 1006; x_wconf 88' lang='lat' dir='ltr'>ecclesiam</span> 
     </span>
     <span class='ocr_line' id='line_1_13' title="bbox 313 1027 1716 1075; baseline -0.001 -8"><span class='ocrx_word' id='word_1_119' title='bbox 313 1032 489 1066; x_wconf 84' lang='lat' dir='ltr'>Scoticam</span> <span class='ocrx_word' id='word_1_120' title='bbox 519 1031 681 1075; x_wconf 89' lang='lat' dir='ltr'>exemplo</span> <span class='ocrx_word' id='word_1_121' title='bbox 708 1034 744 1064; x_wconf 91' lang='lat' dir='ltr'>et</span> <span class='ocrx_word' id='word_1_122' title='bbox 775 1029 936 1066; x_wconf 85' lang='lat' dir='ltr'>doctrina</span> <span class='ocrx_word' id='word_1_123' title='bbox 959 1027 1166 1068; x_wconf 88' lang='lat' dir='ltr'>informant,</span> <span class='ocrx_word' id='word_1_124' title='bbox 1191 1028 1325 1072; x_wconf 85' lang='lat' dir='ltr'>quique</span> <span class='ocrx_word' id='word_1_125' title='bbox 1349 1027 1476 1063; x_wconf 87' lang='lat' dir='ltr'>Keldei</span> <span class='ocrx_word' id='word_1_126' title='bbox 1501 1040 1565 1064; x_wconf 90' lang='lat' dir='ltr'>seu</span> <span class='ocrx_word' id='word_1_127' title='bbox 1590 1029 1716 1065; x_wconf 88' lang='lat' dir='ltr'>Culdei</span> 
     </span>
     <span class='ocr_line' id='line_1_14' title="bbox 312 1085 1717 1133; baseline -0.001 -9"><span class='ocrx_word' id='word_1_128' title='bbox 312 1091 409 1130; x_wconf 89' lang='lat' dir='ltr'>dicti,</span> <span class='ocrx_word' id='word_1_129' title='bbox 427 1094 469 1124; x_wconf 92' lang='lat' dir='ltr'>ut</span> <span class='ocrx_word' id='word_1_130' title='bbox 487 1100 590 1133; x_wconf 87' lang='lat' dir='ltr'>saepe</span> <span class='ocrx_word' id='word_1_131' title='bbox 613 1089 681 1123; x_wconf 92' lang='lat' dir='ltr'>hoc</span> <span class='ocrx_word' id='word_1_132' title='bbox 705 1097 836 1132; x_wconf 89' lang='lat' dir='ltr'>opere;</span> <span class='ocrx_word' id='word_1_133' title='bbox 864 1086 970 1121; x_wconf 87' lang='lat' dir='ltr'>sicuti</span> <span class='ocrx_word' id='word_1_134' title='bbox 995 1086 1089 1120; x_wconf 92' lang='lat' dir='ltr'>enim</span> <span class='ocrx_word' id='word_1_135' title='bbox 1115 1091 1294 1120; x_wconf 87' lang='lat' dir='ltr'>nostrates</span> <span class='ocrx_word' id='word_1_136' title='bbox 1318 1085 1436 1121; x_wconf 91' lang='lat' dir='ltr'>Deum</span> <span class='ocrx_word' id='word_1_137' title='bbox 1460 1089 1634 1122; x_wconf 89' lang='lat' dir='ltr'>colentem</span> <span class='ocrx_word' id='word_1_138' title='bbox 1656 1100 1717 1133; x_wconf 91' lang='lat' dir='ltr'>ap-</span> 
     </span>
     <span class='ocr_line' id='line_1_15' title="bbox 257 1143 1716 1194; baseline -0.002 -11"><span class='ocrx_word' id='word_1_139' title='bbox 257 1170 261 1174; x_wconf 82' lang='lat'><em>-</em></span> <span class='ocrx_word' id='word_1_140' title='bbox 310 1149 445 1194; x_wconf 90' lang='lat' dir='ltr'>pellant</span> <span class='ocrx_word' id='word_1_141' title='bbox 463 1147 650 1186; x_wconf 92' lang='lat' dir='ltr'>Keldeum,</span> <span class='ocrx_word' id='word_1_142' title='bbox 676 1146 728 1180; x_wconf 87' lang='lat' dir='ltr'>ita</span> <span class='ocrx_word' id='word_1_143' title='bbox 746 1144 873 1179; x_wconf 87' lang='lat' dir='ltr'>Graeci</span> <span class='ocrx_word' id='word_1_144' title='bbox 897 1144 1161 1188; x_wconf 90' lang='lat' dir='ltr'>Therapeuten,</span> <span class='ocrx_word' id='word_1_145' title='bbox 1186 1143 1310 1178; x_wconf 84' lang='lat' dir='ltr'>Latini</span> <span class='ocrx_word' id='word_1_146' title='bbox 1335 1155 1420 1178; x_wconf 90' lang='lat' dir='ltr'>vero</span> <span class='ocrx_word' id='word_1_147' title='bbox 1444 1144 1628 1180; x_wconf 88' lang='lat' dir='ltr'>Deicolam</span> <span class='ocrx_word' id='word_1_148' title='bbox 1654 1158 1716 1181; x_wconf 94' lang='lat' dir='ltr'>no-</span> 
     </span>
     <span class='ocr_line' id='line_1_16' title="bbox 310 1202 1715 1249; baseline -0.001 -9"><span class='ocrx_word' id='word_1_149' title='bbox 310 1207 461 1240; x_wconf 88' lang='lat' dir='ltr'>minant.</span> <span class='ocrx_word' id='word_1_150' title='bbox 507 1205 551 1239; x_wconf 91' lang='lat' dir='ltr'>In</span> <span class='ocrx_word' id='word_1_151' title='bbox 568 1204 779 1238; x_wconf 89' lang='lat' dir='ltr'>universum</span> <span class='ocrx_word' id='word_1_152' title='bbox 797 1214 882 1249; x_wconf 90' lang='lat' dir='ltr'>ergo</span> <span class='ocrx_word' id='word_1_153' title='bbox 900 1213 1022 1236; x_wconf 90' lang='lat' dir='ltr'>omnes</span> <span class='ocrx_word' id='word_1_154' title='bbox 1040 1202 1245 1246; x_wconf 88' lang='lat' dir='ltr'>primitivae</span> <span class='ocrx_word' id='word_1_155' title='bbox 1263 1206 1298 1236; x_wconf 91' lang='lat' dir='ltr'>et</span> <span class='ocrx_word' id='word_1_156' title='bbox 1316 1204 1497 1249; x_wconf 88' lang='lat' dir='ltr'>surgentis</span> <span class='ocrx_word' id='word_1_157' title='bbox 1516 1204 1715 1239; x_wconf 89' lang='lat' dir='ltr'>adolescen-</span> 
     </span>
     <span class='ocr_line' id='line_1_17' title="bbox 310 1261 1717 1309; baseline -0.002 -10"><span class='ocrx_word' id='word_1_158' title='bbox 310 1264 428 1309; x_wconf 86' lang='lat' dir='ltr'>tisque</span> <span class='ocrx_word' id='word_1_159' title='bbox 446 1263 610 1298; x_wconf 88' lang='lat' dir='ltr'>ecclesiae</span> <span class='ocrx_word' id='word_1_160' title='bbox 628 1262 723 1307; x_wconf 91' lang='lat' dir='ltr'>apud</span> <span class='ocrx_word' id='word_1_161' title='bbox 742 1261 866 1295; x_wconf 89' lang='lat' dir='ltr'>Scotos</span> <span class='ocrx_word' id='word_1_162' title='bbox 884 1261 1044 1296; x_wconf 88' lang='lat' dir='ltr'>doctores</span> <span class='ocrx_word' id='word_1_163' title='bbox 1062 1264 1252 1304; x_wconf 84' lang='lat' dir='ltr'>patresque</span> <span class='ocrx_word' id='word_1_164' title='bbox 1283 1261 1321 1294; x_wconf 94' lang='lat' dir='ltr'>in</span> <span class='ocrx_word' id='word_1_165' title='bbox 1347 1261 1487 1305; x_wconf 87' lang='lat' dir='ltr'>triplice</span> <span class='ocrx_word' id='word_1_166' title='bbox 1514 1261 1717 1297; x_wconf 86' lang='lat' dir='ltr'>differentia</span> 
     </span>
     <span class='ocr_line' id='line_1_18' title="bbox 311 1317 1716 1365; baseline -0.001 -8"><span class='ocrx_word' id='word_1_167' title='bbox 311 1326 511 1362; x_wconf 89' lang='lat' dir='ltr'>censentur,</span> <span class='ocrx_word' id='word_1_168' title='bbox 531 1322 607 1355; x_wconf 90' lang='lat' dir='ltr'>sive</span> <span class='ocrx_word' id='word_1_169' title='bbox 625 1321 765 1365; x_wconf 87' lang='lat' dir='ltr'>triplice</span> <span class='ocrx_word' id='word_1_170' title='bbox 783 1320 917 1359; x_wconf 87' lang='lat' dir='ltr'>ordine,</span> <span class='ocrx_word' id='word_1_171' title='bbox 936 1318 1151 1359; x_wconf 85' lang='lat' dir='ltr'>Bardorum,</span> <span class='ocrx_word' id='word_1_172' title='bbox 1170 1317 1376 1363; x_wconf 90' lang='lat' dir='ltr'>Druydum,</span> <span class='ocrx_word' id='word_1_173' title='bbox 1396 1318 1627 1354; x_wconf 88' lang='lat' dir='ltr'>Keldeorum.</span> <span class='ocrx_word' id='word_1_174' title='bbox 1663 1319 1716 1355; x_wconf 89' lang='lat' dir='ltr'>Et</span> 
     </span>
     <span class='ocr_line' id='line_1_19' title="bbox 309 1375 1716 1426; baseline -0.002 -11"><span class='ocrx_word' id='word_1_175' title='bbox 309 1381 502 1426; x_wconf 89' lang='lat' dir='ltr'>Druydum</span> <span class='ocrx_word' id='word_1_176' title='bbox 532 1379 707 1425; x_wconf 88' lang='lat' dir='ltr'>sanguine</span> <span class='ocrx_word' id='word_1_177' title='bbox 736 1378 908 1413; x_wconf 89' lang='lat' dir='ltr'>oriundus</span> <span class='ocrx_word' id='word_1_178' title='bbox 939 1389 960 1411; x_wconf 95' lang='lat' dir='ltr'>a</span> <span class='ocrx_word' id='word_1_179' title='bbox 988 1375 1220 1411; x_wconf 84' lang='lat' dir='ltr'>Warnefrido</span> <span class='ocrx_word' id='word_1_180' title='bbox 1250 1376 1382 1411; x_wconf 90' lang='lat' dir='ltr'>dicitur</span> <span class='ocrx_word' id='word_1_181' title='bbox 1408 1376 1444 1411; x_wconf 90' lang='lat' dir='ltr'>S.</span> <span class='ocrx_word' id='word_1_182' title='bbox 1472 1377 1716 1412; x_wconf 88' lang='lat' dir='ltr'>Columbanus</span> 
     </span>
     <span class='ocr_line' id='line_1_20' title="bbox 310 1433 1715 1482; baseline -0.002 -9"><span class='ocrx_word' id='word_1_183' title='bbox 310 1439 368 1473; x_wconf 90' lang='lat' dir='ltr'>hic</span> <span class='ocrx_word' id='word_1_184' title='bbox 383 1450 392 1480; x_wconf 90' lang='grc'>;</span> <span class='ocrx_word' id='word_1_185' title='bbox 418 1438 575 1472; x_wconf 89' lang='lat' dir='ltr'>Keldeus</span> <span class='ocrx_word' id='word_1_186' title='bbox 592 1436 826 1482; x_wconf 90' lang='lat' dir='ltr'>proculdubio</span> <span class='ocrx_word' id='word_1_187' title='bbox 843 1439 965 1469; x_wconf 89' lang='lat' dir='ltr'>noster</span> <span class='ocrx_word' id='word_1_188' title='bbox 982 1434 1176 1468; x_wconf 89' lang='lat' dir='ltr'>censendus</span> <span class='ocrx_word' id='word_1_189' title='bbox 1194 1433 1340 1469; x_wconf 90' lang='lat' dir='ltr'>Deicola</span> <span class='ocrx_word' id='word_1_190' title='bbox 1355 1445 1364 1469; x_wconf 70' lang='grc' dir='ltr'><strong><em>ε</em></strong></span> <span class='ocrx_word' id='word_1_191' title='bbox 1390 1436 1502 1470; x_wconf 90' lang='lat' dir='ltr'>miror</span> <span class='ocrx_word' id='word_1_192' title='bbox 1519 1446 1610 1480; x_wconf 88' lang='lat' dir='ltr'>quae</span> <span class='ocrx_word' id='word_1_193' title='bbox 1629 1436 1715 1470; x_wconf 90' lang='lat' dir='ltr'>vici-</span> 
     </span>
     <span class='ocr_line' id='line_1_21' title="bbox 312 1494 887 1540; baseline -0.009 -9"><span class='ocrx_word' id='word_1_194' title='bbox 312 1508 375 1531; x_wconf 87' lang='lat' dir='ltr'>nos</span> <span class='ocrx_word' id='word_1_195' title='bbox 393 1496 534 1530; x_wconf 86' lang='lat' dir='ltr'>insania</span> <span class='ocrx_word' id='word_1_196' title='bbox 551 1495 683 1540; x_wconf 89' lang='lat' dir='ltr'>tetigit.</span> <span class='ocrx_word' id='word_1_197' title='bbox 736 1494 887 1538; x_wconf 86' lang='lat' dir='ltr'>Scripsit</span> 
     </span>
     <span class='ocr_line' id='line_1_22' title="bbox 460 1550 1368 1597; baseline -0.004 -10"><span class='ocrx_word' id='word_1_198' title='bbox 460 1553 691 1597; x_wconf 82' lang='lat' dir='ltr'>Manipulum</span> <span class='ocrx_word' id='word_1_199' title='bbox 710 1551 988 1586; x_wconf 87' lang='lat' dir='ltr'>Meditationum</span> <span class='ocrx_word' id='word_1_200' title='bbox 1259 1550 1321 1584; x_wconf 92' lang='lat' dir='ltr'>lib.</span> <span class='ocrx_word' id='word_1_201' title='bbox 1342 1559 1368 1584; x_wconf 87' lang='grc' dir='ltr'>Ι.</span> 
     </span>
     <span class='ocr_line' id='line_1_23' title="bbox 459 1607 1366 1656; baseline -0.006 -11"><span class='ocrx_word' id='word_1_202' title='bbox 459 1610 644 1656; x_wconf 89' lang='lat' dir='ltr'>Epistolas</span> <span class='ocrx_word' id='word_1_203' title='bbox 662 1611 783 1655; x_wconf 90' lang='lat' dir='ltr'>plures</span> <span class='ocrx_word' id='word_1_204' title='bbox 1259 1607 1320 1641; x_wconf 93' lang='lat' dir='ltr'>lib.</span> <span class='ocrx_word' id='word_1_205' title='bbox 1341 1617 1366 1641; x_wconf 89' lang='grc' dir='ltr'>ῐ.</span> 
     </span>
     <span class='ocr_line' id='line_1_24' title="bbox 360 1664 1715 1712; baseline -0.002 -8"><span class='ocrx_word' id='word_1_206' title='bbox 360 1670 501 1704; x_wconf 89' lang='lat' dir='ltr'>Claruit</span> <span class='ocrx_word' id='word_1_207' title='bbox 518 1680 612 1703; x_wconf 89' lang='lat' dir='ltr'>anno</span> <span class='ocrx_word' id='word_1_208' title='bbox 632 1677 728 1702; x_wconf 86' lang='lat' dir='ltr'>Dxc.</span> <span class='ocrx_word' id='word_1_209' title='bbox 760 1667 901 1701; x_wconf 89' lang='lat' dir='ltr'>Colitur</span> <span class='ocrx_word' id='word_1_210' title='bbox 919 1674 1025 1700; x_wconf 82' lang='lat' dir='ltr'>XIIX.</span> <span class='ocrx_word' id='word_1_211' title='bbox 1040 1664 1064 1697; x_wconf 90' lang='lat' dir='ltr'><strong>J</strong></span> <span class='ocrx_word' id='word_1_212' title='bbox 1066 1676 1189 1699; x_wconf 86' lang='lat' dir='ltr'>anuar.</span> <span class='ocrx_word' id='word_1_213' title='bbox 1221 1664 1343 1699; x_wconf 89' lang='lat' dir='ltr'>Uvion</span> <span class='ocrx_word' id='word_1_214' title='bbox 1359 1665 1420 1699; x_wconf 92' lang='lat' dir='ltr'>lib.</span> <span class='ocrx_word' id='word_1_215' title='bbox 1441 1675 1501 1700; x_wconf 92' lang='lat'>111.</span> <span class='ocrx_word' id='word_1_216' title='bbox 1533 1666 1715 1712; x_wconf 89' lang='lat' dir='ltr'>Martyro-</span> 
     </span>
    </p>
   </div>
   <div class='ocr_carea' id='block_1_3' title="bbox 311 1723 1715 1821">
    <p class='ocr_par' dir='ltr' id='par_1_3' title="bbox 311 1723 1715 1821">
     <span class='ocr_line' id='line_1_25' title="bbox 311 1723 1715 1775; baseline -0.003 -12"><span class='ocrx_word' id='word_1_217' title='bbox 311 1728 446 1775; x_wconf 87' lang='lat' dir='ltr'>logium</span> <span class='ocrx_word' id='word_1_218' title='bbox 453 1726 659 1773; x_wconf 86' lang='lat' dir='ltr'>Anglicum.</span> <span class='ocrx_word' id='word_1_219' title='bbox 688 1725 876 1770; x_wconf 86' lang='lat' dir='ltr'>Reliquiae</span> <span class='ocrx_word' id='word_1_220' title='bbox 888 1725 933 1758; x_wconf 92' lang='lat' dir='ltr'>ad</span> <span class='ocrx_word' id='word_1_221' title='bbox 942 1724 977 1758; x_wconf 89' lang='lat' dir='ltr'>S.</span> <span class='ocrx_word' id='word_1_222' title='bbox 987 1723 1123 1763; x_wconf 81' lang='lat' dir='ltr'>Crucis,</span> <span class='ocrx_word' id='word_1_223' title='bbox 1137 1723 1262 1758; x_wconf 89' lang='lat' dir='ltr'>baculo</span> <span class='ocrx_word' id='word_1_224' title='bbox 1274 1724 1535 1769; x_wconf 87' lang='lat' dir='ltr'>peregrinantis</span> <span class='ocrx_word' id='word_1_225' title='bbox 1547 1725 1715 1764; x_wconf 83' lang='lat' dir='ltr'>inclusae,</span> 
     </span>
     <span class='ocr_line' id='line_1_26' title="bbox 311 1785 708 1821; baseline -0.008 0"><span class='ocrx_word' id='word_1_226' title='bbox 311 1796 371 1821; x_wconf 87' lang='lat'>111.</span> <span class='ocrx_word' id='word_1_227' title='bbox 390 1786 413 1820; x_wconf 88' lang='lat' dir='ltr'>J</span> <span class='ocrx_word' id='word_1_228' title='bbox 415 1797 471 1820; x_wconf 87' lang='lat' dir='ltr'>an.</span> <span class='ocrx_word' id='word_1_229' title='bbox 491 1785 708 1820; x_wconf 88' lang='lat' dir='ltr'>colebantur.</span> 
     </span>
    </p>
   </div>
   <div class='ocr_carea' id='block_1_4' title="bbox 824 1880 1199 1919">
    <p class='ocr_par' dir='ltr' id='par_1_4' title="bbox 824 1880 1199 1919">
     <span class='ocr_line' id='line_1_27' title="bbox 824 1880 1199 1919; baseline -0.005 -2"><span class='ocrx_word' id='word_1_230' title='bbox 824 1883 859 1917; x_wconf 92' lang='lat' dir='ltr'>S.</span> <span class='ocrx_word' id='word_1_231' title='bbox 887 1880 1063 1916; x_wconf 87' lang='lat' dir='ltr'>DARIA.</span> <span class='ocrx_word' id='word_1_232' title='bbox 1117 1884 1199 1919; x_wconf 81' lang='lat'>387.</span> 
     </span>
    </p>
   </div>
   <div class='ocr_carea' id='block_1_5' title="bbox 311 1957 1713 2062">
    <p class='ocr_par' dir='ltr' id='par_1_5' title="bbox 311 1957 1713 2062">
     <span class='ocr_line' id='line_1_28' title="bbox 311 1957 1712 2006; baseline -0.004 -11"><span class='ocrx_word' id='word_1_233' title='bbox 311 1962 346 1996; x_wconf 89' lang='lat' dir='ltr'>S.</span> <span class='ocrx_word' id='word_1_234' title='bbox 366 1961 505 1995; x_wconf 79' lang='lat' dir='ltr'>DARIA</span> <span class='ocrx_word' id='word_1_235' title='bbox 518 1960 632 2006; x_wconf 86' lang='lat' dir='ltr'>virgo,</span> <span class='ocrx_word' id='word_1_236' title='bbox 647 1960 682 1994; x_wconf 87' lang='lat' dir='ltr'>S.</span> <span class='ocrx_word' id='word_1_237' title='bbox 706 1959 873 2005; x_wconf 85' lang='lat' dir='ltr'>Brigidae</span> <span class='ocrx_word' id='word_1_238' title='bbox 892 1957 1016 1991; x_wconf 89' lang='lat' dir='ltr'>Scotae</span> <span class='ocrx_word' id='word_1_239' title='bbox 1034 1958 1202 2002; x_wconf 87' lang='lat' dir='ltr'>aequalis,</span> <span class='ocrx_word' id='word_1_240' title='bbox 1218 1962 1263 1998; x_wconf 90' lang='lat' dir='ltr'>et,</span> <span class='ocrx_word' id='word_1_241' title='bbox 1278 1962 1319 1991; x_wconf 91' lang='lat' dir='ltr'>ut</span> <span class='ocrx_word' id='word_1_242' title='bbox 1333 1957 1509 1997; x_wconf 84' lang='lat' dir='ltr'>existimo,</span> <span class='ocrx_word' id='word_1_243' title='bbox 1523 1958 1687 1991; x_wconf 86' lang='lat' dir='ltr'>monialis</span> <span class='ocrx_word' id='word_1_244' title='bbox 1702 1969 1712 1998; x_wconf 79' lang='lat'><em>3</em></span> 
     </span>
     <span class='ocr_line' id='line_1_29' title="bbox 311 2015 1713 2062; baseline -0.004 -8"><span class='ocrx_word' id='word_1_245' title='bbox 311 2021 407 2054; x_wconf 90' lang='lat' dir='ltr'>illius</span> <span class='ocrx_word' id='word_1_246' title='bbox 431 2020 469 2053; x_wconf 88' lang='lat' dir='ltr'>in</span> <span class='ocrx_word' id='word_1_247' title='bbox 486 2019 574 2054; x_wconf 89' lang='lat' dir='ltr'>Vita</span> <span class='ocrx_word' id='word_1_248' title='bbox 598 2019 693 2052; x_wconf 89' lang='lat' dir='ltr'>enim</span> <span class='ocrx_word' id='word_1_249' title='bbox 719 2029 739 2051; x_wconf 88' lang='lat' dir='ltr'>a</span> <span class='ocrx_word' id='word_1_250' title='bbox 764 2017 933 2062; x_wconf 87' lang='lat' dir='ltr'>Cogitoso</span> <span class='ocrx_word' id='word_1_251' title='bbox 960 2015 1100 2060; x_wconf 86' lang='lat' dir='ltr'>Nepote</span> <span class='ocrx_word' id='word_1_252' title='bbox 1126 2020 1356 2055; x_wconf 85' lang='lat' dir='ltr'>memoratur,</span> <span class='ocrx_word' id='word_1_253' title='bbox 1383 2022 1424 2049; x_wconf 92' lang='lat' dir='ltr'>ut</span> <span class='ocrx_word' id='word_1_254' title='bbox 1451 2015 1561 2050; x_wconf 89' lang='lat' dir='ltr'>refert</span> <span class='ocrx_word' id='word_1_255' title='bbox 1587 2015 1713 2050; x_wconf 78' lang='lat' dir='ltr'>Surius</span> 
     </span>
    </p>
   </div>
   <div class='ocr_carea' id='block_1_6' title="bbox 311 2074 1712 2178">
    <p class='ocr_par' dir='ltr' id='par_1_6' title="bbox 311 2074 1712 2178">
     <span class='ocr_line' id='line_1_30' title="bbox 311 2074 1126 2121; baseline -0.007 -9"><span class='ocrx_word' id='word_1_256' title='bbox 311 2085 397 2113; x_wconf 85' lang='lat' dir='ltr'>tom.</span> <span class='ocrx_word' id='word_1_257' title='bbox 418 2087 442 2111; x_wconf 87' lang='lat' dir='ltr'>I.</span> <span class='ocrx_word' id='word_1_258' title='bbox 463 2089 526 2111; x_wconf 90' lang='lat' dir='ltr'>nec</span> <span class='ocrx_word' id='word_1_259' title='bbox 543 2078 586 2111; x_wconf 82' lang='lat' dir='ltr'>(le</span> <span class='ocrx_word' id='word_1_260' title='bbox 604 2088 645 2110; x_wconf 92' lang='lat' dir='ltr'>ea</span> <span class='ocrx_word' id='word_1_261' title='bbox 663 2076 847 2121; x_wconf 86' lang='lat' dir='ltr'>quippiam</span> <span class='ocrx_word' id='word_1_262' title='bbox 866 2074 1018 2118; x_wconf 86' lang='lat' dir='ltr'>amplius</span> <span class='ocrx_word' id='word_1_263' title='bbox 1037 2074 1126 2119; x_wconf 86' lang='lat' dir='ltr'>lego.</span> 
     </span>
     <span class='ocr_line' id='line_1_31' title="bbox 363 2131 1712 2178; baseline -0.004 -7"><span class='ocrx_word' id='word_1_264' title='bbox 363 2136 530 2170; x_wconf 87' lang='lat' dir='ltr'>Florebat</span> <span class='ocrx_word' id='word_1_265' title='bbox 542 2135 633 2169; x_wconf 89' lang='lat' dir='ltr'>circa</span> <span class='ocrx_word' id='word_1_266' title='bbox 645 2145 778 2169; x_wconf 87' lang='lat' dir='ltr'>annum</span> <span class='ocrx_word' id='word_1_267' title='bbox 788 2142 889 2167; x_wconf 88' lang='lat' dir='ltr'>DXX.</span> <span class='ocrx_word' id='word_1_268' title='bbox 908 2131 995 2165; x_wconf 92' lang='lat' dir='ltr'>Dies</span> <span class='ocrx_word' id='word_1_269' title='bbox 1007 2133 1174 2172; x_wconf 86' lang='lat' dir='ltr'>incertus,</span> <span class='ocrx_word' id='word_1_270' title='bbox 1187 2131 1256 2165; x_wconf 89' lang='lat' dir='ltr'>nisi</span> <span class='ocrx_word' id='word_1_271' title='bbox 1265 2143 1345 2165; x_wconf 88' lang='lat' dir='ltr'>cum</span> <span class='ocrx_word' id='word_1_272' title='bbox 1358 2131 1393 2165; x_wconf 91' lang='lat' dir='ltr'>S.</span> <span class='ocrx_word' id='word_1_273' title='bbox 1403 2131 1554 2178; x_wconf 81' lang='lat' dir='ltr'>Brigida</span> <span class='ocrx_word' id='word_1_274' title='bbox 1564 2132 1712 2166; x_wconf 84' lang='lat' dir='ltr'>colatur.</span> 
     </span>
    </p>
   </div>
   <div class='ocr_carea' id='block_1_7' title="bbox 787 2247 1243 2283">
    <p class='ocr_par' dir='ltr' id='par_1_7' title="bbox 787 2247 1243 2283">
     <span class='ocr_line' id='line_1_32' title="bbox 787 2247 1243 2283; baseline -0.004 0"><span class='ocrx_word' id='word_1_275' title='bbox 787 2248 823 2283; x_wconf 93' lang='lat' dir='ltr'>S.</span> <span class='ocrx_word' id='word_1_276' title='bbox 851 2247 1107 2283; x_wconf 88' lang='lat' dir='ltr'>DONATUS.</span> <span class='ocrx_word' id='word_1_277' title='bbox 1160 2249 1243 2281; x_wconf 84' lang='lat'>388.</span> 
     </span>
    </p>
   </div>
   <div class='ocr_carea' id='block_1_8' title="bbox 314 2362 1713 2470">
    <p class='ocr_par' dir='ltr' id='par_1_8' title="bbox 314 2362 1713 2470">
     <span class='ocr_line' id='line_1_33' title="bbox 314 2362 1713 2411; baseline -0.004 -10"><span class='ocrx_word' id='word_1_278' title='bbox 314 2368 349 2402; x_wconf 87' lang='lat' dir='ltr'>S.</span> <span class='ocrx_word' id='word_1_279' title='bbox 377 2367 577 2401; x_wconf 79' lang='lat' dir='ltr'>DONATUS</span> <span class='ocrx_word' id='word_1_280' title='bbox 603 2367 799 2411; x_wconf 83' lang='lat' dir='ltr'>episcopus,</span> <span class='ocrx_word' id='word_1_281' title='bbox 831 2365 946 2400; x_wconf 87' lang='lat' dir='ltr'>socius</span> <span class='ocrx_word' id='word_1_282' title='bbox 979 2365 1014 2399; x_wconf 89' lang='lat' dir='ltr'>S.</span> <span class='ocrx_word' id='word_1_283' title='bbox 1043 2364 1209 2399; x_wconf 84' lang='lat' dir='ltr'>Cathaldi</span> <span class='ocrx_word' id='word_1_284' title='bbox 1233 2364 1387 2409; x_wconf 88' lang='lat' dir='ltr'>episcopi</span> <span class='ocrx_word' id='word_1_285' title='bbox 1416 2362 1615 2402; x_wconf 86' lang='lat' dir='ltr'>Tarentini,</span> <span class='ocrx_word' id='word_1_286' title='bbox 1647 2364 1713 2399; x_wconf 85' lang='lat' dir='ltr'>vel,</span> 
     </span>
     <span class='ocr_line' id='line_1_34' title="bbox 314 2420 1713 2470; baseline -0.004 -10"><span class='ocrx_word' id='word_1_287' title='bbox 314 2431 354 2461; x_wconf 89' lang='lat' dir='ltr'>ut</span> <span class='ocrx_word' id='word_1_288' title='bbox 391 2426 451 2460; x_wconf 90' lang='lat' dir='ltr'>alii</span> <span class='ocrx_word' id='word_1_289' title='bbox 486 2425 716 2470; x_wconf 84' lang='lat' dir='ltr'>probabilius,</span> <span class='ocrx_word' id='word_1_290' title='bbox 751 2424 874 2465; x_wconf 88' lang='lat' dir='ltr'>frater,</span> <span class='ocrx_word' id='word_1_291' title='bbox 920 2434 1000 2457; x_wconf 89' lang='lat' dir='ltr'>cum</span> <span class='ocrx_word' id='word_1_292' title='bbox 1042 2434 1082 2457; x_wconf 89' lang='lat' dir='ltr'>eo</span> <span class='ocrx_word' id='word_1_293' title='bbox 1126 2422 1245 2456; x_wconf 87' lang='lat' dir='ltr'>Scotia</span> <span class='ocrx_word' id='word_1_294' title='bbox 1288 2432 1462 2468; x_wconf 84' lang='lat' dir='ltr'>egressus,</span> <span class='ocrx_word' id='word_1_295' title='bbox 1502 2420 1713 2454; x_wconf 86' lang='lat' dir='ltr'>Hiberniam</span> 
     </span>
    </p>
   </div>
  </div>
 </body>
</html>
