2032 2912
298 308 361 337 228
682 302 914 335 HISTORIA
939 300 1314 333 ECCLESIASTICA

301 405 403 448 logus
422 401 476 435 sui
495 399 664 443 temporis
683 398 935 444 argutissimus
954 402 990 431 et
1008 395 1376 436 scholasticissimus‚’'
1390 393 1453 428 &c.
1500 394 1592 429 Vide
1607 407 1699 440 quae

300 464 507 504 sequuntur.

349 517 425 550 Nec
442 516 559 549 minor
577 514 619 547 de
641 518 742 548 tanto
767 514 845 547 viro
870 513 1096 553 concertatio,
1123 523 1230 557 quam
1257 512 1301 546 de
1325 511 1476 546 Homeri
1494 511 1700 551 natalibus;

300 586 381 608 nam
394 574 496 607 illum
509 573 693 606 vindicant
705 571 870 612 Hiberni,
884 571 979 616 quod
993 571 1097 605 Duns
1111 574 1291 605 contracte
1302 581 1368 615 pro
1380 569 1544 604 Dunensi
1559 580 1701 604 vocare-

299 638 369 671 tur,
388 642 452 665 nec
470 635 591 664 tamen
604 631 719 664 ullum
738 630 893 664 codicem
910 629 1112 674 producunt
1129 629 1168 662 in
1186 639 1257 673 quo
1275 629 1471 662 contractio
1489 629 1551 662 illa
1568 628 1700 672 reperi-

297 694 396 723 retur
416 699 424 722 :
450 689 487 722 id
506 689 628 733 itaque
645 687 828 728 frivolum,
847 688 942 732 quod
960 687 1092 720 dicitur
1106 690 1260 727 tantum,
1284 698 1356 720 non
1381 687 1488 720 etiam
1512 687 1698 731 probatur.

296 747 409 793 Angli
428 747 541 781 civem
560 757 666 780 suum
684 745 821 780 faciunt
844 746 941 790 quod
964 744 1127 778 Oxoniae
1150 744 1343 788 scripserit,
1368 749 1403 779 et
1427 744 1700 778 commentarios

296 816 378 839 suos
397 802 582 850 Scriptum
604 801 810 837 Oxoniense
825 803 1030 838 vocaverit:
1057 803 1238 846 praeclaro
1256 813 1340 836 sane
1358 807 1582 848 argumento,
1597 802 1699 847 quasi

295 862 574 902 concluderetur,
602 861 727 895 Cicero
744 860 903 905 Arpinas
922 860 1059 894 Romae
1077 860 1231 904 scripsit,
1250 859 1374 894 Cicero
1400 860 1514 905 igitur
1540 860 1700 904 Arpinas

294 921 365 956 fuit
384 920 592 960 Romanus3
621 919 717 964 quod
737 930 845 964 quam
863 919 1054 952 ridiculum
1072 918 1130 957 sit,
1149 917 1244 951 docti
1264 918 1433 952 viderint.
1486 917 1625 952 Deinde
1647 929 1701 952 re-

294 980 442 1026 ligiosae
460 977 618 1012 familiae
636 989 716 1011 cum
736 982 901 1011 constent
920 988 963 1010 ex
977 976 1129 1010 diversis
1147 975 1327 1021 gentibus,
1346 975 1481 1010 nullius
1500 976 1700 1010 academiae

294 1038 363 1083 legi
399 1040 484 1070 sunt
518 1036 708 1075 astrictae3
746 1039 781 1069 et
810 1035 973 1068 videmus
1003 1033 1187 1068 Bononiae
1218 1034 1256 1066 in
1285 1032 1392 1067 Italia
1422 1034 1597 1078 quosdam
1628 1045 1700 1068 mo-

294 1095 426 1129 nachos
462 1105 535 1128 non
569 1093 814 1127 Bononienses
849 1092 989 1137 publice
1023 1091 1194 1136 profiteri,
1232 1102 1312 1125 cum
1355 1096 1476 1126 tamen
1519 1092 1700 1138 peregrini

293 1163 415 1187 omnes
448 1163 469 1185 a
500 1151 719 1196 professione
746 1155 945 1191 arceantur,
972 1150 1042 1184 nisi
1070 1150 1252 1190 eminenti,
1278 1153 1321 1183 ut
1348 1155 1488 1191 vocant,
1517 1151 1594 1184 loco
1620 1162 1700 1185 con-

293 1211 402 1245 ducti.
468 1210 589 1256 Igitur
618 1209 649 1244 si
677 1209 834 1244 Joannes
862 1208 966 1243 Duns
997 1208 1259 1242 Franciscanus
1289 1208 1329 1241 in
1355 1209 1536 1242 academia
1563 1208 1700 1243 Oxoni-

294 1270 369 1303 ensi
387 1269 547 1303 docuerit
565 1272 628 1303 aut
646 1268 840 1313 scripserit,
865 1279 937 1302 non
959 1271 999 1302 ut
1022 1265 1177 1312 Anglus,
1204 1267 1265 1300 sed
1289 1272 1331 1300 ut
1355 1266 1539 1312 Seraphici
1564 1267 1700 1301 ordinis

294 1328 420 1367 socius,
439 1328 599 1361 docuisse
617 1332 653 1361 et
671 1327 853 1371 scripsisse
872 1326 1067 1361 censendus
1086 1329 1151 1359 est.
1196 1324 1293 1359 Mira
1311 1325 1369 1359 hie
1387 1325 1530 1360 inscitia
1547 1325 1572 1359 J
1574 1326 1699 1360 oannis

293 1385 438 1426 Pitsaei,
468 1385 702 1431 ignavissimo
724 1389 869 1429 stupore
891 1385 1047 1429 seipsum
1074 1384 1289 1428 superantis,
1317 1388 1351 1418 et
1378 1395 1451 1418 non
1475 1389 1528 1418 est
1546 1385 1639 1419 tanti
1657 1390 1698 1419 ut

293 1444 401 1478 verba
435 1444 520 1488 poni
556 1448 620 1477 aut
654 1444 822 1489 redargui
858 1449 1088 1483 mereantur3
1126 1442 1193 1476 hoe
1229 1446 1372 1477 tantum
1407 1443 1521 1477 discat
1559 1448 1699 1487 aposta-

293 1508 349 1536 tae
367 1501 491 1535 Balaei
510 1501 700 1546 impudens
719 1505 755 1535 et
779 1501 1074 1535 mendacissimus
1099 1501 1348 1545 transcriptor,
1367 1512 1439 1535 non
1459 1512 1582 1535 omnes
1602 1501 1698 1535 Oxo-

292 1560 431 1594 nienses
457 1559 598 1605 Anglos
625 1569 722 1594 esse:
759 1560 936 1604 siquidem
964 1571 1008 1593 ex
1038 1560 1180 1594 decreto
1212 1558 1248 1593 S.
1278 1559 1324 1593 D.
1353 1559 1400 1593 N.
1429 1559 1623 1594 Clementis
1650 1559 1695 1595 V.

291 1622 331 1652 ut
367 1629 411 1651 ex
450 1618 538 1651 actis
572 1618 711 1651 concilii
746 1617 961 1652 Viennensis
996 1622 1106 1662 patet,
1142 1622 1178 1651 et
1213 1617 1355 1652 disertis
1391 1618 1509 1652 verbis
1545 1618 1698 1652 habetur

292 1675 535 1710 Clementinae
562 1676 604 1708 de
631 1675 820 1721 Magistris
850 1676 913 1710 lib.
944 1685 981 1709 V.
1013 1676 1156 1710 Oxonia
1185 1676 1329 1721 publica
1355 1681 1409 1710 est
1436 1680 1471 1710 et
1498 1677 1697 1711 communis

290 1734 506 1768 universitas
538 1733 654 1767 tribus
683 1734 803 1779 regnis
831 1732 999 1780 Angliae‚
1026 1734 1176 1775 Scotiae,
1204 1738 1239 1768 et
1267 1734 1489 1776 Hiberniae;
1521 1734 1695 1780 quinimo,

291 1792 385 1836 quod
411 1792 565 1836 amplius
594 1797 657 1831 est,
689 1803 752 1826 rex
780 1791 918 1826 Scotiae
950 1792 1139 1827 tenebatur
1169 1793 1214 1827 ad
1246 1794 1489 1837 provisionem
1519 1793 1696 1837 professo-

289 1850 387 1884 ribus
419 1849 533 1884 Seotis
568 1851 607 1884 in
641 1851 821 1884 academia
856 1850 1054 1884 Oxoniensi
1088 1851 1352 1894 praestandam,
1388 1862 1432 1884 ex
1466 1855 1569 1884 textu
1601 1852 1695 1885 claro

289 1909 401 1942 dictae
428 1907 682 1942 Clementinae.
735 1908 841 1948 Quod
866 1909 896 1942 si
922 1919 1048 1942 verum
1075 1913 1139 1948 est,
1165 1913 1207 1942 ut
1234 1908 1461 1942 verissimum
1489 1919 1563 1942 esse
1590 1920 1694 1943 nemo

290 1966 441 2007 dubitat,
470 1978 491 2000 a
516 1965 613 2000 futili
639 1966 701 2000 illo
728 1971 941 2013 argumento
967 1967 1132 2000 desinant
1159 1967 1324 2010 deinceps
1351 1965 1476 2012 Angli,
1504 1971 1540 2000 et
1566 1978 1587 2000 a
1613 1967 1695 2001 Sco-

291 2030 327 2057 to
361 2024 477 2058 doceri
512 2024 746 2069 antiquitates
782 2035 864 2058 suas
899 2024 1061 2058 lubentes
1096 2023 1289 2064 fateantur,
1322 2029 1357 2058 et
1395 2025 1531 2070 gratias
1572 2030 1692 2071 agant.

291 2081 453 2126 Denique
477 2082 596 2126 potuit
621 2082 750 2116 titulus
778 2082 837 2116 ille
864 2083 1011 2117 alterius
1037 2094 1147 2117 manu
1174 2083 1268 2123 addi,
1296 2087 1331 2117 et
1357 2083 1516 2117 levitatis
1543 2088 1589 2124 te,
1619 2083 1694 2118 Pit-

290 2150 378 2179 saee,
409 2140 567 2184 pudebit,
597 2141 627 2174 si
654 2141 852 2185 perpendas
879 2152 987 2185 quam
1013 2141 1205 2175 ridiculum
1229 2145 1483 2187 argumentum
1510 2142 1605 2176 docti
1631 2142 1694 2176 ha-

290 2196 406 2236 beant,
433 2209 454 2231 a
476 2198 679 2242 scriptionis
706 2199 782 2233 loco
802 2199 1049 2233 necessitatem
1076 2199 1209 2233 inferre
1235 2199 1413 2239 nationis;
1443 2200 1493 2233 sic
1517 2201 1612 2234 enim
1634 2200 1692 2234 fie-

291 2258 345 2287 ret
368 2259 409 2289 ut
432 2254 476 2289 D.
499 2255 729 2302 Augustinus
755 2256 847 2291 Afer
872 2257 1064 2291 haberetur
1086 2257 1213 2298 Italus,
1240 2258 1325 2302 quia
1342 2258 1451 2291 libros
1469 2259 1512 2292 de
1532 2258 1693 2293 Trinita-

290 2317 324 2345 te
351 2312 395 2345 ad
422 2312 571 2347 Portum
604 2313 753 2360 Trajani
780 2315 855 2349 sive
881 2315 1005 2348 urbem
1033 2320 1189 2349 veterem
1216 2316 1383 2360 scripsit3
1416 2321 1451 2350 et
1478 2315 1690 2350 Remundus

292 2370 431 2404 Lullius
463 2369 615 2405 Pisanus
646 2377 737 2406 esset
765 2373 1034 2419 adjudicandus,
1072 2373 1158 2418 quia
1188 2372 1318 2407 Artem
1354 2385 1455 2408 suam
1484 2374 1689 2408 Mirabilem

290 2427 382 2462 Pisis
418 2429 645 2472 compilavit3
681 2434 717 2463 et
751 2441 903 2476 magnus
938 2430 1024 2464 felix
1059 2430 1250 2466 Ennodius
1282 2431 1484 2466 Ticinensis
1517 2431 1689 2477 Byzanti-
