2044 2992
1018 366 1074 392 XV

353 461 530 502 labentis
563 460 606 500 in
646 457 782 498 Scotia
821 455 1054 510 Religionis
1096 456 1346 497 Catholicae.
1419 456 1485 497 De
1523 456 1731 503 Forduno,

354 539 480 579 quem
497 516 502 520 ⁶
519 536 679 576 semper
719 520 959 560 Fordanum
993 527 1122 569 vocat,
1156 521 1258 561 haec
1290 521 1513 561 memoriae
1547 520 1731 568 tradidit,

355 596 451 629 tom.
472 588 496 627 i.
516 602 554 641 p.
575 586 695 626 9288.ἷηὲ
753 584 941 624 Historia
961 586 1050 638 ejus
1070 590 1133 624 est
1153 590 1174 608 “
1193 584 1341 637 ingens
1362 584 1559 624 volumen
1581 584 1667 624 MS.
1689 584 1733 623 in

353 650 602 692 bibliotheca
632 647 808 701 collegii
843 648 879 688 S.
914 648 1134 688 Benedicti
1169 648 1458 702 Cantabrigiae
1493 649 1537 688 in
1570 647 1734 702 Anglia,

352 729 477 768 quam
497 712 825 767 diligentissime,
846 712 964 752 sociis
980 712 1144 766 juratis,
1165 711 1357 752 cancellis
1373 712 1628 766 clathrisque
1643 726 1734 752 cus-

351 778 543 819 todiunt:
575 778 665 831 ejus
685 790 761 829 ego
784 775 963 816 lectione
989 775 1174 816 multum
1201 776 1371 831 adjutus
1398 776 1548 830 optavi,
1575 777 1647 816 Sed
1673 777 1736 816 in-

351 855 520 888 cassum,
548 840 641 881 luce
669 840 932 880 donaretur.”
992 839 1118 880 Millii
1145 839 1261 888 liber,
1288 841 1385 880 satis
1412 840 1583 894 quidem
1610 847 1736 881 notus

351 905 469 945 sociis
493 904 643 944 nostris
664 903 1083 957 Bannatyniensibus,
1106 906 1194 958 jam
1218 904 1380 958 pridem
1410 904 1454 944 in
1478 903 1614 945 lucem
1641 919 1735 959 pro-

351 969 439 1008 diit.
498 968 603 1008 Erat
626 968 830 1021 Georgius
860 967 1094 1015 Neutonus‚
1118 974 1224 1008 teste
1251 968 1511 1023 Dempstero,
1535 969 1737 1010 archidia-

351 1047 478 1073 conus
500 1031 822 1080 Dunblanensis,
843 1037 864 1056 ‘⁶
884 1032 945 1072 vir
965 1046 1138 1086 magnae
1158 1032 1335 1086 pietatis,
1356 1046 1432 1073 nec
1450 1033 1622 1073 minoris
1643 1047 1736 1073 eru-

351 1096 532 1143 ditionis,
566 1110 614 1136 eo
645 1095 785 1136 seculo
814 1110 900 1136 non
934 1095 1161 1149 vulgariter
1192 1096 1397 1136 facundus
1414 1100 1448 1143 ;’'
1489 1103 1532 1137 et
1563 1097 1737 1137 florebat

350 1174 460 1200 anno
479 1159 699 1200 millesimo
719 1160 1055 1213 quingentesimo
1075 1160 1235 1213 quinto.
1294 1159 1535 1200 Dolendum
1550 1175 1648 1201 sane
1663 1168 1735 1209 est,

352 1224 395 1263 in
416 1229 533 1263 tanta
553 1223 729 1277 penuria
753 1223 981 1264 illiusmodi
1008 1224 1267 1277 scriptorum,
1294 1223 1421 1264 talem
1448 1224 1638 1264 libellum
1667 1239 1738 1279 pe-

350 1287 466 1327 nitus
485 1287 664 1340 periisse.
722 1286 937 1327 Gilbertus
958 1287 1139 1334 Brunus‚
1158 1288 1358 1327 Coenobii
1379 1287 1488 1328 Novi
1509 1290 1622 1343 apud
1642 1289 1739 1329 Gal—

351 1350 600 1391 lovidienses
620 1350 757 1391 dictus
777 1352 912 1399 abbas,
931 1357 1124 1391 mortuus
1143 1356 1207 1391 est
1226 1351 1422 1392 Lutetiae
1443 1366 1553 1392 anno
1578 1354 1694 1393 1612.

408 1415 459 1455 In
480 1414 557 1455 hac
577 1420 718 1454 nostra
737 1415 921 1455 editione
941 1414 1038 1455 libri
1060 1414 1185 1469 longe
1205 1415 1402 1455 rarissimi
1423 1415 1482 1456 ita
1501 1417 1650 1457 versati
1671 1431 1738 1457 su-

351 1492 453 1525 mus,
469 1484 519 1518 ut
531 1478 722 1532 paginam
740 1479 891 1532 pagina
907 1479 993 1519 fere
1009 1479 1171 1527 referat,
1187 1493 1351 1519 versum
1367 1494 1508 1520 versus
1524 1495 1609 1520 non
1625 1481 1736 1521 item.

353 1542 615 1596 Paginarum,
636 1542 744 1583 sicut
764 1548 807 1583 et
828 1543 1087 1597 scriptorum,
1109 1557 1309 1584 numerus
1335 1545 1571 1599 saepissime
1598 1546 1739 1585 turba-

352 1612 420 1646 tus
440 1612 524 1646 est:
560 1606 700 1646 omnia
720 1612 862 1647 tamen
883 1607 1035 1647 menda
1055 1608 1259 1661 ejusmodi
1287 1621 1372 1648 non
1400 1609 1643 1663 corrigenda
1668 1624 1739 1650 cu—

355 1670 545 1718 ravimus,
565 1683 649 1724 quo
676 1670 832 1711 scilicet
859 1670 1018 1711 facilior
1046 1672 1184 1711 aditus
1212 1678 1354 1726 pateat
1381 1673 1434 1712 ad
1461 1673 1551 1713 loca
1578 1688 1629 1713 ex
1656 1673 1741 1713 edi-

354 1733 469 1774 tione
488 1734 625 1787 priore
644 1734 793 1788 passim
816 1735 954 1775 citata.
1013 1735 1210 1776 Errorem
1231 1736 1518 1789 gravissimum
1540 1738 1617 1777 sub
1643 1737 1738 1777 libri

354 1795 482 1836 finem
508 1798 660 1838 erravit
691 1799 986 1852 typographus,
1013 1800 1209 1852 ponendo
1241 1804 1350 1843 3179
1381 1815 1456 1854 pro
1490 1805 1620 1847 1179;
1658 1802 1740 1848 sed,

356 1872 429 1912 per
449 1860 668 1900 duodecim
687 1862 933 1914 posteriores
953 1862 1134 1915 paginas,
1155 1863 1403 1916 scriptorum
1420 1879 1641 1904 numerum
1658 1879 1740 1905 res-

357 1922 562 1963 tituimus.
620 1923 747 1964 Liber
765 1925 858 1973 iste,
878 1925 922 1965 in
937 1924 1075 1965 lucem
1091 1926 1229 1965 editus
1245 1926 1376 1966 altero
1391 1933 1485 1981 post
1500 1928 1737 1982 Dempsteri

358 1992 536 2026 mortem
557 2001 679 2035 anno,
699 1988 945 2028 foedissimis
965 1994 1095 2028 scatet
1116 1990 1346 2037 erroribus3
1375 1997 1419 2031 et
1438 2006 1542 2045 opus
1568 1992 1739 2045 quidem

356 2051 532 2103 aggressi
554 2064 697 2090 sumus
717 2052 844 2091 taedii
864 2051 1037 2105 plenum
1054 2058 1097 2092 et
1111 2052 1407 2094 molestiarum.
1448 2055 1577 2096 Hunc
1598 2062 1737 2096 tamen

356 2113 459 2153 mihi
480 2113 664 2155 laborem
684 2129 768 2155 non
788 2116 1052 2156 mediocriter
1071 2115 1223 2157 levavit
1243 2118 1398 2159 amicus
1418 2133 1535 2160 meus
1556 2120 1738 2174 optimus

358 2176 567 2218 Ninianus
588 2177 731 2226 Little‚
751 2179 813 2219 vir
833 2180 877 2219 in
904 2179 1015 2220 hisce
1042 2181 1191 2221 studiis
1213 2182 1286 2221 diu
1313 2182 1581 2238 multumque
1607 2199 1740 2224 versa-

357 2246 436 2280 tus.
496 2241 689 2296 Plagulas
709 2242 781 2283 ille
806 2258 948 2284 omnes
973 2245 1077 2284 mira
1101 2245 1324 2286 sedulitate
1351 2246 1453 2301 legit
1482 2255 1608 2302 atque
1637 2248 1740 2288 rele-

356 2304 428 2357 git.
487 2305 628 2346 Primo
648 2307 926 2360 trepidantius
945 2309 1218 2363 timidiusque
1234 2325 1320 2351 rem
1335 2312 1546 2365 gessimus,
1562 2313 1644 2361 sed,
1660 2327 1739 2353 usu

356 2374 399 2408 et
418 2370 674 2422 experientia
693 2371 840 2419 edocti,
860 2371 1000 2425 aliqua
1028 2373 1180 2414 fiducia
1207 2389 1310 2429 opus
1341 2389 1427 2416 esse
1454 2377 1739 2430 comperimuS,

356 2431 388 2471 si
421 2434 514 2485 quis
545 2433 697 2474 librum
731 2436 935 2489 ejusmodi
968 2442 1147 2479 tractare
1174 2439 1301 2486 velit3
1336 2453 1433 2481 nam
1460 2447 1627 2482 tantum
1655 2457 1739 2482 non
