2044 2992
778 494 858 534 AD
888 494 1213 535 LECTOREM

438 608 626 664 LUD.
656 605 1345 662 BONCOMPAGNUS
1377 605 1455 660 V.
1488 604 1562 659 A.

308 761 426 805 Qum
448 759 629 800 Thomas
650 760 934 814 Dempsterus,
954 772 1049 800 cum
1074 757 1165 798 aliis
1191 756 1337 798 multis
1364 757 1607 798 excellentis
1627 757 1689 797 in-

306 824 418 878 genii
433 825 727 872 monumentis,
742 830 835 864 tum
855 823 934 864 isto
949 823 1002 863 de
1018 822 1296 876 Scriptoribus
1315 822 1446 862 Scotis
1466 820 1688 868 volumine,

307 888 422 942 quod
441 888 534 928 vivo
554 894 722 928 auctore
741 893 936 942 coeptum
952 887 1031 935 edi,
1052 900 1166 926 nunc
1181 886 1235 926 ad
1249 885 1496 926 umbilicum
1516 885 1691 939 perduc-

309 958 401 992 tum
437 952 513 992 tibi
552 952 710 1000 damus
743 952 874 992 amice
907 950 1049 999 lector,
1079 956 1333 1004 postumum,
1367 950 1419 990 de
1453 950 1589 1004 patria
1622 950 1692 990 de-

310 1029 392 1069 que
412 1014 544 1056 literis
564 1016 721 1069 optime
746 1016 801 1055 sit
825 1015 1011 1063 meritus,
1042 1014 1264 1062 neminem,
1291 1014 1371 1054 nisi
1397 1015 1448 1053 ab
1475 1013 1588 1054 omni
1614 1013 1693 1053 hu-

309 1079 511 1119 manitate
531 1078 726 1127 alienum,
755 1079 1048 1119 dubitaturum
1076 1083 1193 1132 puto.
1252 1077 1538 1117 Nihilominus
1566 1082 1692 1131 prout

311 1149 375 1185 est
394 1148 584 1183 nostrum
604 1142 791 1183 seculum
816 1142 932 1182 ferax
961 1142 1182 1182 hominum
1210 1141 1419 1195 petulanti
1450 1147 1493 1181 et
1517 1141 1694 1181 indomi-

312 1212 364 1254 ta,
385 1206 499 1260 quod
519 1206 563 1246 in
583 1206 673 1246 aliis
693 1205 950 1259 praeclarum
969 1206 1086 1246 taciti
1106 1211 1315 1259 coguntur
1335 1205 1540 1253 admirari,
1560 1206 1605 1244 in
1634 1219 1693 1245 se-

311 1276 398 1309 met
418 1269 639 1309 desiderari
662 1275 903 1322 agnoscunt,
928 1269 1159 1309 insectandi
1186 1268 1362 1309 libidine
1391 1269 1692 1315 ferocientium,

313 1332 432 1372 valde
452 1333 636 1386 suspicor
651 1333 739 1373 fore
753 1332 987 1380 malevolos,
1000 1333 1073 1386 qui
1089 1333 1221 1386 aegris
1237 1332 1368 1372 oculis
1383 1333 1542 1372 Scotiae
1558 1332 1694 1386 splen-

313 1396 455 1436 dorem
490 1396 714 1444 intuentes,
749 1397 1058 1450 secundamque
1091 1396 1331 1450 Dempsteri
1366 1396 1519 1436 famam
1554 1397 1694 1436 minus

313 1460 494 1514 propitia
509 1474 608 1500 aure
624 1460 888 1514 excipientes,
904 1460 1082 1501 inficetis
1098 1460 1471 1500 obtrectationibus
1487 1459 1609 1500 illum
1625 1462 1695 1500 ob-

314 1537 488 1571 scurare,
522 1523 631 1563 hanc
664 1524 854 1564 mendaci
885 1523 1189 1564 calumniarum
1221 1529 1264 1563 et
1299 1537 1472 1564 coenosa
1505 1524 1696 1577 congerie

314 1587 596 1627 contaminare
629 1596 844 1628 conentur.
915 1588 1054 1632 Quare
1088 1588 1312 1628 effrenatae
1341 1587 1599 1641 improbitati
1632 1601 1696 1628 oc-

315 1664 478 1690 currere
508 1651 678 1691 omnino
703 1652 979 1692 necessarium
1007 1652 1102 1701 fuit,
1131 1657 1181 1691 ut
1206 1651 1325 1692 malis
1351 1666 1395 1692 os
1419 1653 1695 1699 obturaretur,

315 1714 510 1767 bonique,
537 1715 589 1755 de
616 1715 833 1756 fraudibus
860 1721 902 1755 et
935 1715 1097 1756 offuciis
1130 1721 1229 1755 ante
1262 1716 1424 1763 moniti,
1459 1715 1624 1755 veritati
1656 1723 1698 1756 et

317 1778 463 1817 virtuti
494 1779 782 1818 testimonium
813 1784 856 1819 et
887 1778 1134 1833 applausum
1161 1793 1247 1818 non
1274 1779 1539 1832 denegarent.
1598 1779 1699 1818 Fuit

319 1840 592 1894 Dempsterus
613 1842 695 1881 acri
715 1842 777 1881 vir
797 1843 978 1895 ingenio,
998 1842 1257 1882 inflammato
1277 1843 1331 1882 ad
1350 1856 1492 1882 omnes
1520 1842 1699 1896 discipli-

319 1917 392 1944 nas
418 1905 707 1958 perdiscendas
733 1906 884 1953 studio,
915 1905 1026 1945 facili
1056 1911 1099 1945 et
1126 1919 1243 1946 cerea
1268 1906 1322 1945 ad
1348 1905 1700 1959 comprehenden-

321 1967 434 2015 dum,
465 1968 685 2022 tenacique
710 1974 754 2009 et
778 1968 892 2008 fideli
919 1969 972 2008 ad
1000 1968 1268 2009 retinendum
1294 1969 1497 2023 quicquid
1522 1969 1698 2023 legisset,

320 2031 527 2071 memoria.
586 2031 695 2072 Cum
718 2046 812 2072 vero
831 2032 1053 2086 publicatis
1073 2032 1116 2072 in
1147 2032 1261 2072 omni
1288 2032 1468 2086 eleganti
1494 2040 1537 2073 et
1566 2047 1700 2074 amoe-

322 2108 375 2134 na
395 2093 612 2135 literatura
634 2095 916 2150 compluribus
935 2095 1051 2136 libris
1070 2097 1236 2136 abunde
1256 2096 1416 2136 nomini
1437 2110 1511 2136 suo
1531 2096 1700 2137 celebri-

321 2157 418 2197 tatis
453 2158 687 2199 conciliasse
720 2160 831 2200 visus
865 2166 981 2208 esset,
1017 2160 1233 2200 Scotorum
1270 2166 1411 2200 autem
1448 2160 1493 2200 in
1535 2161 1701 2201 fortitu-

321 2221 419 2261 dine
453 2220 610 2270 bellica,
644 2222 688 2262 in
719 2222 861 2272 literis,
891 2224 935 2263 in
967 2238 1072 2277 pura
1102 2223 1340 2264 Catholicae
1370 2223 1580 2277 religionis
1609 2239 1702 2279 pro-

322 2284 500 2325 fessione
539 2286 833 2339 antiquitatem
872 2293 915 2327 et
952 2288 1229 2328 constantiam
1267 2301 1352 2328 non
1391 2288 1490 2328 satis
1527 2302 1602 2341 pro
1641 2302 1703 2328 re-

322 2362 417 2388 rum
448 2349 739 2402 magnitudine
772 2356 902 2399 notas,
935 2351 1020 2392 sive
1054 2357 1291 2405 temporum
1321 2352 1485 2406 injuria,
1517 2352 1601 2392 sive
1631 2367 1703 2406 po-

322 2410 532 2465 pularium
568 2413 738 2462 incuria,
772 2413 853 2454 alio
890 2415 1181 2456 meditationes
1214 2415 1539 2464 deflectentium,
1564 2418 1701 2470 jacere

324 2476 683 2526 animadverteret,
731 2478 947 2533 ingemuit,
990 2484 1033 2519 et
1076 2479 1262 2519 animum
1304 2480 1358 2520 ad
1401 2480 1561 2520 Scotiae
1605 2494 1702 2521 suae

324 2539 467 2581 laudes
506 2539 774 2583 illustrandas
819 2541 1099 2596 pulcherrimo
1137 2543 1318 2584 facinore
1356 2543 1529 2598 appulit.
1594 2544 1704 2583 Pub-

326 2602 404 2644 lica
451 2603 592 2657 itaque
636 2604 728 2646 luce
771 2606 942 2647 donavit
985 2606 1190 2661 syllabum
1232 2606 1434 2649 librorum
1482 2606 1642 2661 aliquot
1680 2621 1703 2646 a
