2032 2912
701 345 875 378 GENTIS
900 343 1174 383 SCOTORUM‚
1199 344 1287 376 LIB.
1310 344 1381 376 III.
1673 344 1735 376 195

675 495 991 531 GUILIELMUS
1016 495 1258 530 CUPERUS.
1316 498 1397 529 352.

342 610 608 644 GU1L1ELMUS
621 608 792 653 Cuperus,
807 608 844 641 in
861 608 978 652 patrio
991 619 1151 643 sermone
1164 609 1347 650 facundus,
1361 610 1503 656 ingenio
1517 621 1588 645 non
1601 611 1730 655 inepto

343 668 387 700 ad
405 668 514 701 bonas
533 671 638 706 artes,
657 666 727 699 nisi
744 665 920 699 haeretica
936 665 1024 698 illud
1041 666 1222 700 functione
1241 668 1466 711 corrupisset,
1491 668 1561 701 vile
1585 668 1726 702 Calvini

344 724 570 768 mancipium,
600 734 647 757 os*
669 722 856 762 Sathanae,
886 727 922 755 et
951 722 1140 766 impuritas
1170 724 1257 768 ipsa.
1313 723 1440 758 Edidit
1469 725 1571 758 valde
1606 726 1728 764 multa,

343 792 455 825 usque
473 782 560 815 adeo
577 785 617 815 ut
635 780 773 814 dicatur
791 779 1019 823 bibliopolam
1036 779 1301 814 Londinensem
1319 792 1427 825 supra
1450 783 1594 816 modum
1617 783 1731 826 operi-

349 838 413 871 bus
433 839 506 872 suis
524 839 667 873 ditasse.
719 837 779 870 Ad
797 847 852 870 me
870 837 966 871 tituli
986 844 1235 882 pervenerunt.

494 895 628 930 Contra
645 895 842 939 Episcopos
990 895 1051 928 lib.
1071 904 1096 928 1.
1116 894 1160 928 In
1177 907 1248 940 quo
1265 896 1434 930 ridiculus
1452 896 1542 930 fuit:
1573 898 1658 931 dum
1677 902 1729 930 to-

541 953 607 987 ties
637 963 722 987 voce
759 953 853 985 clara
887 952 964 985 illos
999 952 1226 998 exagitasset,
1261 953 1399 987 veredis
1434 954 1583 987 subinde
1617 958 1730 987 muta-

541 1011 587 1045 tis
622 1011 660 1044 in
694 1010 811 1043 aulam
846 1008 1050 1043 Londinum
1090 1010 1280 1054 profectus,
1319 1011 1561 1055 episcopatum
1595 1023 1616 1045 a
1649 1022 1731 1057 rege

542 1067 757 1102 mendicavit
783 1066 1091 1107 Gallovidiensem,
1118 1072 1153 1101 et
1179 1068 1356 1102 obtinuit:
1388 1072 1490 1102 tanta
1516 1068 1554 1102 in
1582 1080 1622 1103 eo
1651 1080 1733 1103 con·

542 1126 674 1160 stantia
693 1125 698 1157 ἲ
1400 1153 1403 1156 .

494 1183 646 1218 Collatio
676 1193 756 1216 cum
787 1181 970 1216 Catholico
1005 1182 1177 1223 Romano,
1212 1183 1332 1217 triduo
1362 1183 1484 1218 habita
1514 1194 1620 1228 super
1654 1195 1734 1218 con-

544 1240 712 1274 troversis
731 1239 833 1272 Fidei
851 1238 1027 1273 Articulis
1322 1241 1382 1276 lib.
1404 1249 1428 1274 1.
1448 1240 1513 1274 Ille
1531 1241 1734 1275 Catholicus

544 1296 702 1330 Thomas
744 1296 978 1340 Dempsterus
1019 1294 1122 1337 fuit,>
1145 1299 1206 1342 qui
1247 1298 1286 1331 in
1325 1298 1362 1331 id
1400 1302 1576 1332 certamen
1610 1298 1734 1332 Perthi

545 1353 670 1387 fraude
696 1353 844 1387 Clunaei
871 1353 1068 1387 Crichtonii
1095 1359 1306 1398 pertractus,
1336 1356 1422 1388 dum
1452 1355 1543 1388 forte
1571 1355 1651 1388 illac
1676 1367 1737 1399 pa-

544 1415 660 1445 rentes
694 1411 877 1444 invisurus
911 1411 1159 1445 contenderet:
1203 1412 1320 1445 exitus
1362 1412 1442 1451 fuit,
1486 1416 1526 1445 ut
1569 1412 1637 1451 ille,
1676 1424 1739 1446 nec

545 1467 698 1502 Graecae
731 1468 875 1513 linguae
914 1478 977 1501 nec
1010 1468 1254 1512 philosophiae
1288 1469 1435 1512 peritus,
1478 1468 1581 1502 facile
1622 1469 1739 1503 riden-

545 1525 611 1559 dus
638 1525 683 1559 ab
708 1524 894 1559 haereticis
919 1525 1005 1568 ipsis
1031 1525 1279 1559 exsibilaretur
1304 1530 1475 1570 tanquam
1503 1536 1628 1560 causae
1656 1539 1739 1561 suae

545 1583 817 1626 praevaricator,
853 1586 889 1616 et
922 1582 1072 1615 exitium
1106 1594 1127 1616 a
1161 1583 1298 1629 legibus
1337 1584 1439 1628 regni
1482 1588 1625 1624 crearet,
1669 1585 1737 1618 nisi

550 1640 645 1674 Baro
675 1640 903 1683 Oliphantus,
934 1638 1203 1681 Ennernettius,
1230 1645 1266 1674 et
1292 1640 1428 1674 Stuarti
1456 1640 1634 1681 Atholiae,
1661 1642 1738 1687 ejus

548 1697 678 1737 affines,
717 1697 955 1741 eripuissent3
993 1697 1054 1730 sed
1091 1702 1213 1740 postea
1254 1698 1390 1741 pudore
1432 1697 1599 1737 suffusus,
1642 1700 1737 1743 quod

550 1765 630 1788 cum
667 1754 933 1800 jurisconsulto,
977 1764 1048 1786 non
1091 1754 1266 1799 theologo,
1307 1754 1374 1788 sibi
1408 1765 1464 1788 res
1498 1754 1635 1795 fuisset,
1677 1767 1738 1789 no-

549 1822 631 1845 men
664 1811 760 1845 illius
790 1811 829 1844 in
855 1822 959 1854 opere
989 1810 1083 1844 edito
1113 1812 1294 1854 publicare
1324 1811 1477 1850 erubuit,
1509 1816 1542 1845 et
1574 1812 1738 1858 malignis

549 1869 674 1903 deinde
708 1868 803 1912 apud
841 1879 959 1914 regem
1002 1868 1317 1908 criminationibus,
1360 1873 1401 1902 ut
1443 1869 1570 1913 potuit,
1616 1880 1739 1903 nocere

551 1926 700 1960 studuit.

406 1985 526 2019 Audio
553 1984 698 2018 ineunte
723 1983 790 2017 hoc
818 1983 896 2027 ipso
926 1994 1018 2016 anno
1047 1991 1208 2016 MDCXX.
1241 1983 1336 2016 domi
1364 1983 1562 2022 excessisse,
1592 1984 1740 2027 pseudo-

357 2043 540 2087 episcopus
566 2040 785 2075 Gallovidiae
811 2044 959 2079 creatus,
986 2051 1067 2074 cum
1090 2041 1152 2074 diu
1175 2046 1298 2074 contra
1324 2041 1565 2085 episcoporum
1597 2052 1738 2075 causam

358 2111 393 2133 se
412 2099 636 2133 exercuisset.

743 2211 895 2246 ALEX.
922 2211 1216 2247 COCHRANE.
1270 2215 1353 2247 353.

362 2328 634 2361 ALEXANDER
682 2327 873 2367 Cochrane,
921 2328 1043 2361 doctor
1089 2327 1285 2373 theologus,
1333 2327 1486 2372 episcopi
1528 2327 1742 2362 Brechinen-

361 2386 407 2418 sis
470 2385 622 2419 vicarius
689 2385 734 2418 ad
797 2385 982 2419 concilium
1046 2384 1315 2419 Constantiense
1375 2384 1565 2429 profectus,
1627 2386 1743 2420 nomi-
