2032 2912
352 304 430 350 216.
732 303 962 336 HISTORIA
986 303 1294 336 ECCLESIASTI
1301 304 1361 336 CA

355 401 429 433 sine
448 399 582 444 ingenti
601 403 754 442 stupore,
773 402 990 442 repererunt,
1009 402 1051 432 ut
1068 398 1137 432 viri
1155 398 1290 433 nobiles
1308 402 1344 432 et
1366 399 1552 433 clarissimi
1577 398 1739 435 Andreas

353 457 520 490 Leslaeus
538 461 572 489 et
590 456 768 490 Robertus
787 455 959 501 Boydius‚
979 456 1113 490 alumni
1132 455 1281 502 Collegii
1306 455 1491 490 Scotorum
1515 456 1680 497 Romani,
1705 463 1740 491 et

352 514 543 547 doctissimi
562 514 655 547 cives
674 514 754 553 mei,
773 514 1052 554 admonuerunt3
1072 518 1106 548 et
1119 514 1328 548 miraculose
1346 514 1390 547 ab
1408 525 1448 548 eo
1466 515 1619 548 sanitate
1632 515 1739 549 dona-

351 576 427 605 tum
456 571 648 611 infirmum,
677 573 785 606 allata
815 572 859 605 ad
887 583 966 605 eum
993 576 1093 615 parte
1117 571 1238 610 vestis,
1265 572 1309 604 ad
1333 583 1388 605 me
1413 572 1537 606 scribit
1563 571 1740 606 Patricius

351 628 594 669 Andersonus,
624 629 807 663 Societatis
837 629 860 662 J
862 640 925 663 esu
953 630 1151 674 theologus,
1182 629 1426 673 philosophus,
1456 629 1739 669 mathematicus,

351 696 443 719 unus
462 686 575 720 instar
592 688 762 720 omnium.
815 686 867 721 Ut
885 688 991 720 semel
1009 687 1134 726 dicam,
1159 686 1228 720 fuit
1246 692 1389 721 sanctus
1410 688 1468 721 hic
1491 688 1638 721 antistes
1663 688 1739 732 dig-

350 745 527 784 nissimus,
546 745 607 789 qui
626 745 663 777 in
681 744 831 778 Lutheri
850 749 1010 788 tempora
1026 744 1232 783 incurreret,
1255 748 1295 777 ut
1319 745 1379 788 pia
1405 745 1480 778 vita
1503 745 1649 789 impiam
1668 756 1739 778 sec-

351 806 423 835 tam
443 802 683 835 confunderet.
736 801 885 846 Scripsit

498 860 632 893 Contra
651 859 857 893 Haereticos
876 859 1071 893 Germanos
1147 903 1150 906 ι
1335 858 1396 892 lib.
1418 868 1443 892 1.

497 917 551 951 De
570 917 728 951 Ecclesia
745 916 992 951 Aberdonensi
1334 917 1394 950 lib.
1415 926 1440 951 1.

398 975 547 1010 Creatus
565 976 748 1020 episcopus
766 986 859 1008 anno
874 983 1046 1008 MDxnx.
1065 984 1185 1007 mense
1202 972 1226 1006 J
1228 973 1333 1014 unio;
1355 974 1498 1019 quando
1512 975 1652 1014 obierit,
1666 986 1736 1009 non

348 1034 472 1078 reperi.

747 1147 1057 1183 GAUFREDUS
1083 1145 1203 1181 DUN.
1256 1149 1339 1185 395.

349 1265 601 1299 GAUFREDUS
618 1265 715 1304 Dun,
742 1275 804 1298 seu
828 1263 1010 1304 DunaeuS,
1038 1262 1316 1303 Aberdonensis,
1341 1262 1506 1297 Lutetiae
1531 1264 1593 1297 diu
1619 1264 1737 1298 docuit

348 1334 477 1368 magna
506 1324 560 1356 sui
592 1327 626 1356 et
656 1323 791 1367 patriae
820 1322 927 1361 fama,
954 1322 1155 1366 ibidemque
1178 1326 1405 1362 rectoratum,
1430 1333 1634 1366 supremum
1660 1334 1736 1357 aca-

349 1381 482 1414 demiae
500 1380 661 1425 gradum,
680 1379 841 1413 concordi
859 1379 1029 1424 suffragio
1046 1380 1173 1424 gessit3
1193 1384 1270 1413 tum
1288 1380 1407 1424 opimo
1424 1380 1461 1413 in
1480 1379 1607 1426 Belgio
1624 1391 1736 1414 sacer-

349 1438 445 1471 dotio
463 1438 624 1477 donatus,
643 1442 684 1471 ut
702 1437 902 1475 admoneor,
921 1447 942 1469 a
960 1435 1100 1470 Geusiis
1118 1438 1284 1470 scelerate
1307 1437 1557 1478 saevientibus,
1582 1449 1647 1482 pro
1669 1438 1736 1472 fide

348 1497 592 1539 interemptus,
606 1496 702 1540 jacet
716 1494 892 1534 Gorcomi‚
906 1499 947 1528 ut
961 1495 999 1527 in
1014 1493 1171 1528 Theatro
1186 1493 1449 1529 Crudelitatum
1465 1494 1735 1530 Haereticorum

347 1564 426 1598 pag.
448 1562 547 1586 Lux.

399 1610 529 1644 Passus
547 1615 600 1645 est
618 1622 711 1644 anno
730 1618 930 1643 MDLXXII.

764 1724 1037 1759 PATRICIUS
1063 1724 1183 1759 DUN.
1236 1723 1319 1763 396.

350 1843 570 1876 PATRICIUS
601 1842 696 1883 Dun,
733 1842 926 1876 medicinae
956 1842 1088 1881 doctor,
1122 1841 1415 1885 philosophorum
1450 1846 1484 1875 et
1519 1843 1734 1877 medicorum

350 1901 405 1934 sui
430 1901 536 1935 seculi
562 1901 651 1935 nulli
674 1900 859 1939 secundus,
881 1900 918 1933 in
942 1898 1060 1933 Scotia
1082 1900 1278 1943 praeclaras
1302 1904 1395 1933 artes
1421 1900 1555 1940 didicit,
1583 1912 1670 1945 quas
1697 1902 1734 1934 in

349 1958 464 1992 Gallia
494 1964 528 1993 et
558 1958 748 1992 Germania
777 1959 938 1997 doceret3
970 1968 1052 1990 nam
1083 1962 1118 1991 et
1149 1957 1367 2003 Rhotomagi
1398 1958 1668 2002 philosophiam,
1700 1964 1734 1993 et

349 2016 559 2050 Cenomanis
593 2017 773 2060 politiores
803 2016 934 2054 literas,
973 2020 1008 2048 et
1043 2014 1202 2048 Basileae
1237 2026 1370 2048 sacram
1406 2016 1567 2061 linguam
1601 2016 1731 2059 profes-

350 2085 432 2108 sus:
476 2075 626 2118 indeque
661 2075 698 2107 in
733 2073 874 2107 Italiam
909 2073 1115 2113 adventans,
1158 2072 1261 2105 fidem
1298 2072 1528 2113 Catholicam,
1573 2073 1734 2108 abdicata

350 2133 498 2165 Lutheri
527 2132 717 2175 impietate,
746 2132 939 2175 amplexus,
967 2130 1189 2163 literaturam
1215 2130 1346 2174 pietate
1376 2130 1606 2164 illustriorem
1638 2130 1731 2166 fecit.

350 2190 497 2233 Scripsit

498 2247 551 2280 De
570 2258 653 2280 vera
671 2257 848 2280 sacrarum
869 2245 1071 2279 Literarum
1091 2245 1262 2279 versione
1407 2246 1468 2279 lib.
1490 2255 1514 2280 1.
1533 2247 1627 2290 quod
1646 2257 1733 2290 opus

549 2305 668 2349 magni
687 2304 837 2338 faciebat
855 2303 878 2337 J
881 2303 1009 2337 acobus
1028 2302 1211 2337 Bonaven.
1233 2303 1463 2347 Hepburnus.

502 2361 794 2395 Recollectionem
813 2361 975 2406 Linguae
993 2365 1134 2394 sanctae
1408 2361 1467 2394 lib.
1488 2369 1512 2393 1.

403 2419 566 2453 Excessit
583 2430 675 2452 anno
694 2428 857 2452 MDLxx.
