2032 2912
351 315 415 346 250
737 310 967 344 HISTORIA
992 309 1364 343 ECCLESIASTICA

504 407 690 443 Institutio
709 406 1041 441 sanctimonialium
1293 404 1355 439 lib.
1375 414 1401 438 1.

502 464 717 510 Genealogia
734 462 888 509 Angliae
906 462 1047 508 Regum
1293 462 1354 496 lib.
1375 471 1400 496 1.

500 522 555 555 De
573 521 723 555 diversis
742 520 949 554 Virtutibus
1296 519 1356 553 lib.
1378 528 1403 552 1.

500 579 686 613 Sermones
705 577 899 623 Synodales
1294 576 1355 611 lib.
1375 586 1401 610 1.

502 637 678 670 Miracula
695 635 876 669 Ecclesiae
893 635 1108 670 Esteldittae
1293 634 1354 669 lib.
1375 644 1401 668 1.

499 694 555 729 De
572 693 678 728 Statu
697 694 855 739 ejusdem
1294 692 1355 726 lib.
1376 701 1401 725 Ι.

499 752 625 786 Oratio
646 751 838 785 Pastoralis
1292 750 1354 784 lib.
1374 759 1399 784 1.

499 809 678 844 Homiliae
696 817 851 842 XXXIII.
871 808 909 841 in
928 807 1075 842 Esaiam
1295 808 1356 842 lib.
1376 817 1401 841 Ι.

496 867 551 901 De
569 866 861 900 Revelationibus
879 866 1038 911 ejusdem
1292 864 1354 898 lib.
1374 874 1400 898 1.

502 926 688 960 Sermones
707 926 750 959 de
768 924 907 959 Sanctis
1292 922 1353 956 lib.
1374 931 1400 956 1.

496 983 680 1028 Epistolae
699 991 758 1016 cc.
1287 979 1348 1014 lib.
1369 989 1394 1013 Ι.

400 1042 503 1077 Vixit
521 1052 614 1076 anno
637 1048 785 1074 MCXVI.
840 1039 980 1075 Colitur
997 1048 1035 1074 V.
1054 1043 1090 1074 et
1108 1047 1176 1073 XV.
1198 1037 1348 1072 Januar.

810 1214 846 1248 S.
875 1213 1145 1254 ELOQUIUS.
1200 1215 1283 1248 458.

347 1333 382 1368 S.
408 1332 622 1369 ELOQUan
647 1342 691 1365 ex
714 1331 854 1365 illorum
886 1335 940 1365 est
961 1341 1110 1365 numero
1131 1329 1194 1374 qui
1219 1329 1314 1364 inter
1336 1332 1477 1364 sanctos
1502 1330 1617 1370 relati,
1646 1328 1745 1363 Mar-

347 1390 515 1436 tyrologii
534 1389 689 1423 Romani
717 1400 790 1423 non
816 1393 900 1422 sunt
926 1388 1072 1433 ascripti
1098 1388 1241 1423 tabulis.
1291 1386 1386 1421 Acta
1409 1387 1486 1433 ejus
1510 1387 1677 1422 describit
1700 1398 1744 1421 ex

347 1447 428 1482 MS.
444 1447 637 1481 Mosander
651 1447 746 1491 apud
761 1446 907 1480 Surium
922 1450 1007 1480 tom.
1024 1453 1096 1479 V11.
1141 1445 1314 1491 Sigebert.
1330 1444 1593 1480 Gemblacensis
1608 1445 1742 1479 Chron-

347 1511 367 1524 “
386 1505 496 1539 Multi
523 1505 565 1538 de
591 1503 726 1550 Anglia
753 1504 810 1537 vel
836 1502 955 1537 Scotia
979 1504 1017 1537 in
1045 1502 1169 1537 Galliis
1195 1503 1463 1549 peregrinantes
1494 1503 1643 1538 verbum
1678 1503 1743 1537 Dei

345 1563 578 1602 seminabant,
597 1562 824 1606 multumque
843 1561 1000 1596 fructum
1018 1560 1095 1595 Deo
1113 1560 1300 1601 faciebant,
1327 1561 1459 1595 scilicet
1486 1560 1586 1601 Etto,
1613 1560 1743 1594 Bertu-

345 1622 437 1660 inus,
455 1619 664 1664 Eloquius.’'
714 1618 854 1653 Auctor
875 1618 1140 1653 vetustissimus
1167 1618 1245 1652 MS.
1273 1629 1473 1664 anonymus
1496 1619 1535 1652 in
1557 1618 1743 1664 collegiata

346 1678 491 1712 ecclesia
509 1677 629 1711 Sancti
651 1677 820 1711 Mononis
839 1676 988 1710 dioecesi
1006 1675 1208 1716 Leodiensi‚
1222 1680 1262 1710 ut
1281 1676 1407 1710 recitat
1424 1676 1596 1710 Laurent.
1615 1675 1743 1710 Surius

346 1742 431 1770 tom.
454 1744 489 1769 v.
509 1735 565 1768 die
583 1743 703 1768 XVIII.
724 1734 869 1768 Octob'r.
890 1738 911 1753 ‘⁶
930 1734 1017 1768 Fuit
1034 1733 1070 1767 S.
1090 1733 1226 1768 Monon
1244 1735 1287 1769 de
1311 1735 1465 1768 occiduis
1489 1735 1614 1768 mundi
1632 1735 1742 1779 parti—

297 1793 301 1798 '
344 1794 408 1827 bus
427 1793 609 1832 oriundus,
628 1792 792 1826 videlicet
809 1803 853 1825 ex
871 1792 1000 1832 Scotia,
1020 1803 1110 1836 quae
1136 1793 1266 1826 multos
1293 1796 1508 1832 sanctorum,
1535 1793 1635 1827 velut
1660 1793 1742 1827 stel-

344 1853 394 1885 las
413 1850 585 1890 lucifluas,
613 1850 657 1883 ad
683 1850 841 1884 diversas
867 1850 993 1884 mundi
1019 1850 1221 1884 transmisit
1247 1855 1376 1895 partes,
1403 1854 1445 1884 ut
1469 1850 1541 1885 fuit
1566 1851 1742 1895 pretiosus

345 1909 523 1943 confessor
546 1908 737 1948 Fursaeus,
761 1918 867 1953 quem
890 1907 1051 1942 Parrona
1072 1908 1202 1942 retinet
1226 1909 1319 1942 laeta
1344 1919 1425 1942 cum
1450 1907 1562 1942 fratre
1588 1919 1652 1943 suo
1680 1908 1742 1942 Ul-

344 1973 439 2007 tane,
459 1971 494 2001 et
516 1966 700 2000 Foillanus
728 1977 850 1999 eorum
876 1965 998 2006 frater,
1025 1966 1146 2012 magni
1173 1967 1291 2001 meriti
1319 1966 1386 2006 vir,
1413 1966 1514 2012 cujus
1541 1968 1741 2010 praesentia

345 2025 510 2059 Castrum
530 2024 726 2070 congaudet
746 2023 929 2063 Fossense,
957 2023 1108 2058 Sanctus
1127 2024 1392 2070 Fredegandus,
1421 2023 1572 2058 Sanctus
1599 2036 1740 2069 quoque

347 2083 552 2122 Bertuinus,
571 2093 634 2115 nec
652 2093 724 2115 non
748 2081 783 2115 S.
804 2081 980 2126 Eloquius
1004 2081 1183 2117 confessor
1206 2081 1426 2129 magnificus,
1452 2092 1558 2126 quem
1586 2081 1740 2116 VValcio-

346 2141 486 2174 diorum
505 2144 695 2174 veneratur
713 2140 955 2173 coenobium.’'
1006 2139 1157 2184 Scripsit
1175 2151 1260 2174 vero

490 2197 770 2231 Exhortationes
790 2197 834 2231 ad
853 2196 1011 2231 Gentiles
1284 2198 1345 2232 lib.
1366 2207 1392 2232 1.

492 2254 669 2289 Homilias
746 2263 749 2266 '
1282 2256 1342 2290 lib.
1363 2266 1388 2290 1.
1407 2260 1443 2291 et
1461 2256 1541 2290 alia.

393 2310 534 2345 Floruit
551 2323 644 2346 anno
663 2321 772 2347 Dcm.
826 2313 966 2347 Colitur
983 2313 1040 2348 die
1060 2323 1119 2347 111.
1139 2313 1324 2348 Decembr.
1366 2313 1517 2349 Arnold.
1538 2312 1658 2347 Uvion
1676 2314 1738 2348 lib.

347 2378 405 2403 111.
425 2368 506 2415 Lig.
525 2368 631 2403 Vitae
651 2381 732 2416 pag.
754 2380 1008 2405 cceLxxxw.
