2032 2912
382 319 423 350 90
760 309 988 345 HISTORIA
1012 308 1383 342 ECCLESIASTICA

528 408 581 443 De
600 406 768 441 Paradiso
787 403 977 446 Terrestri,
996 404 1042 438 ad
1059 403 1291 439 Brendanum
1308 402 1533 448 discipulum,
1551 402 1612 437 lib.
1633 412 1658 438 1.

430 466 528 502 Vixit
542 475 635 499 anno
649 472 713 497 Dc.
730 467 793 497 aut
806 461 957 497 circiter.
992 460 1161 497 Meminit
1174 460 1305 497 Petrus
1321 459 1515 507 Equilinus
1528 459 1589 496 lib.
1604 469 1641 499 V.
1661 461 1766 497 Cata-

381 524 450 570 logi
467 533 541 567 cap.
561 528 690 556 cxvn.

859 692 895 728 S.
922 691 1137 727 BEATUS.
1192 693 1274 730 159.

377 811 411 843 S.
430 809 609 849 BEATUS,
627 807 786 849 eremita,
804 807 993 848 confessor,
1016 808 1197 851 apostolus
1221 806 1484 849 Helvetiorum,
1506 808 1627 843 Sancti
1655 809 1765 848 Petri,

377 867 614 911 apostolorum
632 865 815 910 principis,
839 865 1045 909 discipulus,
1070 875 1151 900 cum
1174 865 1214 899 in
1230 863 1350 899 Scotia
1366 863 1403 899 S.
1421 865 1607 901 Barnabas
1630 868 1768 901 concio-

374 928 528 964 naretur,
547 923 747 957 adolescens
761 926 849 963 erat,
863 926 899 956 et
912 922 1106 957 vocabatur
1120 921 1322 962 Suetonius,
1338 921 1430 957 forte
1443 921 1610 958 Setonius
1623 934 1633 964 3
1652 929 1688 958 et
1701 924 1768 958 hoc

373 982 590 1026 praeclarum
616 980 844 1025 antiquitatis
869 985 1142 1014 monumentum
1171 979 1385 1014 nobilissimi
1415 983 1451 1015 et
1481 981 1769 1015 excellentissimi

373 1038 568 1074 stemmatis
586 1037 824 1078 Setoniorum,
842 1036 945 1083 cujus
962 1041 1070 1081 caput
1086 1036 1191 1071 hodie
1208 1036 1355 1071 comites
1367 1036 1576 1072 Wintoniae
1590 1043 1626 1073 et
1640 1037 1768 1084 Eglin-

373 1097 499 1136 toniae,
522 1095 661 1136 fratres,
685 1106 838 1140 quorum
861 1098 1012 1139 patruus
1034 1092 1241 1133 Alexander
1257 1105 1373 1129 comes
1396 1094 1674 1135 Dunfermelini,
1699 1104 1767 1130 XL.

372 1154 473 1188 annis
496 1152 633 1187 Scotiae
659 1152 898 1192 cancellarius,
918 1151 1135 1198 jampridem
1160 1151 1321 1186 excessit.
1374 1151 1443 1186 Sed
1468 1153 1514 1186 ad
1537 1152 1692 1188 Beatum
1716 1165 1769 1188 re-

371 1212 446 1251 deo,
464 1211 526 1256 qui
543 1210 746 1255 baptizatus
762 1221 783 1244 a
800 1209 931 1244 Sancto
948 1208 1126 1249 Barnaba,
1150 1207 1228 1243 Deo
1251 1209 1450 1244 serviturus
1474 1209 1627 1245 Romam
1652 1212 1767 1255 petiit,

371 1275 405 1304 et
418 1280 439 1303 a
452 1268 580 1303 Sancto
594 1267 702 1303 Petro
715 1268 760 1302 ad
775 1267 961 1301 Helvetios
975 1267 1185 1306 destinatus,
1202 1270 1284 1311 post
1301 1266 1438 1312 aliquot
1454 1278 1567 1302 annos
1585 1267 1769 1303 fructuose

371 1328 565 1366 collocatos,
591 1325 637 1359 ad
662 1335 820 1359 eremum
845 1335 884 1359 se
908 1324 1073 1369 contulit,
1100 1324 1288 1359 draconem
1314 1324 1454 1360 occidit.
1507 1325 1607 1360 Haec
1624 1337 1669 1361 ex
1688 1327 1767 1372 ejus

370 1384 464 1424 Vita,
483 1394 591 1429 quam
608 1382 738 1417 Daniel
755 1381 928 1429 Agricola
944 1381 1107 1417 Basileae
1124 1382 1236 1417 edidit
1253 1392 1349 1417 anno
1368 1390 1492 1417 MDXI.
1512 1382 1666 1419 Frustra
1680 1383 1768 1418 Per-

371 1442 489 1476 sonius
508 1452 590 1475 eum
607 1439 769 1487 Anglum
787 1439 885 1480 facit,
903 1450 984 1474 cum
1002 1443 1038 1474 et
1053 1438 1142 1474 Vita
1158 1440 1235 1486 eJus
1253 1444 1289 1475 et
1308 1438 1486 1487 Georgius
1505 1440 1690 1476 Garnefelt
1714 1442 1770 1476 di-

371 1504 460 1533 serte
479 1497 618 1532 Scotiae
635 1502 796 1532 asserant
812 1497 874 1532 lib.
890 1506 944 1532 lv.
963 1498 1006 1532 de
1019 1496 1107 1532 Vita
1118 1496 1366 1532 Eremitarum
1380 1508 1455 1543 cap.
1472 1507 1498 1533 1.
1549 1498 1610 1533 Ad
1627 1499 1693 1534 hos
1711 1511 1767 1534 ac-

372 1556 461 1590 cedit
480 1555 614 1590 Beatus
634 1554 831 1590 Rhenanus
848 1555 910 1590 lib.
930 1564 990 1590 111.
1009 1555 1146 1589 Rerum
1165 1554 1407 1590 Germanicar.
1433 1555 1606 1591 Stumfius
1632 1556 1766 1591 Chron.

372 1613 567 1648 Helvetior.
586 1612 648 1647 lib.
666 1621 739 1646 vn.
758 1623 834 1658 cap.
853 1621 960 1648 xxu.
979 1612 1061 1647 Gul.
1077 1608 1282 1659 Eisengrin.
1297 1624 1374 1658 par.
1389 1622 1427 1648 v.
1441 1614 1600 1648 distinct.
1616 1623 1659 1648 11.
1675 1622 1766 1649 cent.

372 1680 413 1704 11.
432 1675 465 1704 et
483 1674 624 1715 praeter
642 1669 707 1703 hos
726 1669 833 1704 etiam
850 1669 1048 1704 haereticus
1066 1669 1264 1704 Pantaleon
1281 1670 1325 1704 de
1342 1670 1442 1706 Viris
1461 1670 1674 1706 Germaniae
1689 1683 1764 1717 par.

373 1738 430 1762 111.
456 1733 490 1762 et
513 1727 626 1761 Scotis
649 1726 747 1761 favet
773 1726 903 1773 Georg.
929 1726 1102 1761 Wicelius
1127 1727 1189 1762 lib.
1208 1734 1247 1762 v.
1274 1738 1351 1773 cap.
1371 1737 1556 1763 XXXVIII.
1585 1728 1656 1764 Hic
1683 1741 1768 1765 vero

371 1787 475 1820 etiam
510 1785 658 1829 primus,
695 1788 758 1818 aut
792 1784 886 1818 inter
916 1785 1062 1829 primos,
1097 1785 1288 1820 occidentis
1318 1786 1512 1821 monachus
1542 1791 1578 1821 et
1608 1789 1766 1826 eremita,

372 1843 465 1888 quod
482 1842 648 1876 haeretici
666 1842 882 1882 testimonio,
899 1841 1045 1888 Aegidii
1064 1841 1210 1883 Tscudi,
1229 1844 1353 1888 liquet,
1372 1848 1408 1878 et
1426 1843 1658 1879 Carthusiani
1683 1846 1769 1890 piis-

373 1901 451 1934 simi
466 1900 534 1934 viri
548 1899 760 1934 auctoritate
772 1899 956 1945 probatur,
971 1899 1104 1935 scilicet
1116 1901 1253 1935 laudati
1266 1900 1453 1937 Garnefelt
1465 1913 1547 1948 pag.
1563 1911 1765 1937 CLXXXIV.

375 1959 416 1992 de
433 1969 504 2002 quo
520 1957 569 1992 sic
587 1957 703 1991 canit:

670 2028 730 2057 Hic
744 2038 811 2058 vera
825 2028 974 2059 Helvetiis
988 2029 1114 2059 ostendit
1128 2030 1257 2064 numina,
1274 2030 1356 2059 Petri

713 2076 828 2106 Unctus
841 2082 903 2106 erat
918 2076 1030 2111 dextra,
1045 2077 1193 2106 Barnabae
1206 2077 1341 2108 alumnus
1355 2084 1427 2112 erat,

670 2125 793 2154 Nomine
806 2134 895 2163 reque
908 2124 1026 2159 Beatus,
1041 2134 1138 2154 amans
1153 2124 1275 2159 deserta,
1288 2126 1406 2155 beatum

710 2171 818 2206 Solum,
833 2171 883 2210 qui
898 2171 975 2201 solus
988 2171 1085 2201 vivere
1099 2182 1161 2201 esse
1175 2179 1265 2202 ratus.

426 2245 524 2278 Obiit
549 2256 642 2281 anno
665 2246 788 2281 salutis
815 2254 915 2280 CXII.
942 2246 1068 2280 aetatis
1093 2255 1158 2281 XC.
1187 2247 1327 2282 Colitur
1345 2255 1402 2282 1X.
1422 2247 1524 2283 Maii.
1551 2248 1766 2295 Martyrolo-

379 2302 476 2346 gium
494 2301 705 2344 Romanum,
729 2303 906 2344 Canisius,
930 2303 1109 2339 Molanus.
1134 2303 1245 2339 Errat
1270 2304 1311 2339 P.
1338 2305 1574 2350 Cratepolius‚
1598 2307 1660 2352 qui
1683 2318 1765 2351 pag.

381 2367 467 2392 XXI.
487 2358 528 2392 de
542 2357 678 2394 Sanctis
693 2360 872 2396 Germani.
887 2361 938 2396 ait
950 2362 1051 2396 illum
1067 2373 1089 2396 a
1102 2361 1137 2396 S.
1153 2362 1262 2397 Petro
1280 2362 1417 2397 Romae
1434 2363 1667 2409 baptizatum,
1686 2374 1765 2398 cum

380 2420 548 2457 auctores,
568 2427 655 2461 quos
672 2418 865 2460 nominavi,
885 2418 922 2453 id
939 2419 977 2454 in
995 2418 1113 2455 Scotia
1131 2425 1248 2455 actum
1267 2421 1430 2465 prodant.
