2032 2912
372 304 415 335 74
752 294 983 329 HISTORIA
1007 292 1382 326 ECCLESIASTICA

421 397 490 431 Sed
503 405 565 429 nec
578 393 707 427 deloco
720 390 923 434 sepulturae
936 387 1022 422 satis
1036 388 1271 432 exploratum.
1291 387 1497 435 Sigebertus
1516 399 1625 434 supra
1643 391 1765 426 lauda-

372 459 430 487 tus
449 452 582 486 Fuldae
598 449 822 483 inhumatum
840 444 970 489 prodit,
996 445 1099 480 aliter
1121 444 1382 492 Egolismensis
1406 446 1601 482 monachus
1620 448 1658 482 in
1676 448 1764 483 Vita

372 508 488 543 Caroli
506 505 631 551 Magni
648 514 728 549 pag.
747 510 890 536 ccmn.
907 505 949 536 ut
966 501 1139 537 Pithoeus
1157 502 1290 538 edidit:
1317 507 1339 523 “
1357 503 1499 539 Tassilo
1521 508 1556 539 et
1574 503 1668 540 filius
1687 505 1765 539 the-

370 562 613 600 odo-monachi
638 560 722 594 facti
748 563 833 594 sunt
858 559 897 593 in
922 559 1008 594 Olto
1032 560 1259 601 monasterio,
1278 560 1348 603 ‘ubi
1374 560 1525 595 Sanctus
1552 561 1762 597 Bonifacius

369 617 589 667 requiescit.”
639 616 708 651 Sed
724 616 817 651 forte
833 616 1073 651 reconciliatio
1090 617 1242 661 petenda
1258 629 1331 652 non
1348 618 1570 653 incommode
1588 618 1633 654 ab
1650 619 1764 654 incer-

367 684 405 713 to
442 681 582 711 auctore
619 674 817 709 Annalium
856 673 1110 708 Francicorum
1149 685 1170 709 a
1209 673 1361 710 Pithoeo
1399 676 1505 717 edito,
1548 677 1593 710 ad
1628 688 1763 711 annum

368 742 560 770 nccexlx.
587 736 609 752 “
627 731 707 765 Hoc
724 741 817 765 anno
835 730 982 765 basilica
999 729 1036 764 S.
1054 730 1232 766 Bonifacii
1246 733 1417 778 martyris
1434 734 1473 768 in
1491 733 1658 769 coenobio
1677 734 1764 769 Ful-

367 793 465 827 densi
489 791 533 825 ab
558 788 773 834 Heistulpho
798 788 1061 832 archiepiscopo
1087 788 1248 823 dedicata
1272 793 1327 823 est
1351 790 1391 824 in
1416 790 1588 826 honorem
1613 791 1762 826 Domini

366 847 570 887 salvatoris,
593 851 628 881 et
647 845 808 881 omnium
832 848 1036 879 sanctorum
1061 845 1162 890 ejus3
1190 847 1434 891 translataque
1457 852 1544 886 sunt
1566 859 1646 883 ossa
1669 860 1761 883 mar-

366 907 456 952 tyris
481 906 550 939 kal.
578 903 789 938 Novembr.’'
845 901 961 936 Nemo
987 913 1028 936 eo
1053 903 1173 946 plures
1199 902 1392 948 discipulos
1418 903 1555 945 habuit,
1582 905 1758 950 siquidem

366 963 482 1004 Teela,
501 961 623 1001 Lioba,
642 960 748 1000 Boso,
767 959 971 1000 Adelarius‚
990 958 1211 1000 GuntheruS,
1231 959 1461 1002 Hamundus,
1480 961 1759 1003 Hildebrandus,

365 1019 580 1059 Harwolfus,
606 1018 807 1059 Adellerus‚
835 1016 1068 1057 Stierbaldus,
1098 1015 1300 1058 Wattarus,
1326 1017 1522 1060 VValterus,
1550 1018 1759 1066 Uttringus,

364 1076 601 1115 Burchardus,
628 1075 766 1115 Lullus,
794 1074 973 1113 sturmus,
1001 1072 1095 1114 Sola,
1123 1085 1244 1109 omnes
1269 1080 1475 1110 sanctorum
1499 1077 1579 1111 albo
1602 1077 1760 1122 ascripti,

361 1147 405 1169 ex
431 1135 506 1180 ejus
532 1133 650 1167 schola
675 1132 896 1177 prodierunt,
929 1135 1070 1176 praeter
1100 1142 1159 1165 eos
1188 1132 1252 1177 qui
1282 1132 1350 1167 hoc
1380 1144 1485 1178 opere
1515 1135 1759 1169 nominantur.

362 1192 535 1226 Trithem.
555 1190 615 1224 lib.
635 1199 695 1224 111.
714 1190 757 1224 de
774 1188 854 1224 Vir.
872 1189 1039 1223 illustrib.
1061 1188 1149 1224 Ord.
1164 1188 1212 1225 D.
1227 1189 1425 1226 Benedicti.
1444 1191 1556 1227 Plura
1570 1192 1636 1227 hoc
1654 1203 1760 1237 opere

362 1251 400 1284 in
425 1245 617 1294 1Vi7fiido.

620 1363 656 1399 S.
684 1361 996 1398 BONIFACIUS
1021 1360 1353 1402 QUERITINUS.
1407 1366 1491 1400 131.

361 1481 422 1516 DE
437 1481 471 1516 S.
487 1480 671 1515 Bonifacio
685 1479 887 1520 Queritino,
901 1479 1163 1525 praeclarisque
1177 1480 1273 1525 apud
1287 1479 1410 1515 Scotos
1425 1481 1547 1527 gestis,
1563 1481 1671 1516 verba
1685 1482 1757 1516 suf-

360 1540 475 1574 ficient
495 1539 542 1573 H.
562 1538 691 1573 Boeth.
718 1549 762 1572 ex
788 1537 849 1571 lib.
870 1545 927 1571 IX.
953 1536 1051 1572 Hist.
1071 1537 1165 1573 Scot.
1190 1549 1271 1585 pag.
1292 1547 1455 1573 CLXXII.
1508 1543 1530 1559 “
1548 1538 1757 1574 Bonifacius

357 1597 576 1637 Queritinus,
595 1595 807 1630 venerabilis
827 1595 988 1635 antistes,
1008 1605 1088 1629 cum
1106 1596 1248 1640 piorum
1273 1600 1376 1631 coetu
1400 1596 1546 1631 veniens
1571 1608 1614 1631 ex
1638 1596 1755 1638 Italia,

359 1655 501 1701 navigio
519 1655 556 1688 in
579 1654 696 1688 Taum
718 1652 938 1687 aestuarium
962 1653 1111 1694 delatus,
1135 1654 1180 1687 ad
1204 1654 1326 1700 exigui
1350 1653 1508 1689 fluminis
1532 1655 1634 1695 ostia,
1660 1656 1755 1700 quod

358 1711 535 1746 Gouream
552 1711 732 1758 regionem
750 1721 847 1744 nunc
864 1714 959 1744 secat
977 1710 1021 1744 ab
1038 1709 1215 1757 Angusia‚
1232 1712 1390 1756 primum
1408 1712 1446 1746 in
1464 1718 1596 1746 terram
1614 1713 1756 1747 descen-

357 1770 423 1803 dit.
476 1768 582 1803 Hunc
600 1769 744 1814 quidem
762 1772 967 1802 asseverant
984 1768 1022 1802 in
1040 1768 1218 1803 demortui
1237 1768 1402 1815 Gregorii
1420 1768 1558 1815 Magni,
1577 1769 1755 1814 pontificis

362 1824 525 1866 Romani,
549 1827 664 1861 locum
682 1825 881 1866 suffectum,
906 1825 1005 1859 brevi
1024 1826 1168 1860 cessisse
1185 1826 1407 1871 pontificatu,
1431 1831 1539 1872 atque
1557 1828 1602 1861 ad
1620 1827 1754 1868 Scotos,

359 1886 528 1929 populum
539 1885 666 1918 ultimo
680 1883 774 1918 orbis
786 1894 926 1917 recessu
939 1883 1185 1924 constitutum,
1198 1895 1299 1919 sacro
1313 1885 1480 1931 dogmate
1493 1885 1753 1920 confirmandos

360 1942 536 1987 trajecisse
548 1942 584 1976 in
591 1941 799 1982 Albionem3
811 1941 906 1975 inter
916 1939 1099 1985 pontifices
1110 1945 1230 1976 tamen
1241 1942 1417 1976 maximos
1426 1953 1447 1976 a
1458 1942 1632 1977 Romanis
1644 1943 1754 1987 scrip-

359 1999 494 2033 toribus
505 2000 566 2044 qui
578 2010 700 2034 eorum
712 2004 790 2033 acta
801 1999 838 2032 in
850 1998 926 2033 vita
936 1998 1142 2043 exitumque
1153 1999 1325 2039 scribunt,
1331 2010 1403 2034 non
1411 2001 1753 2045 numeratum‚quod

361 2056 463 2090 citius
480 2057 716 2091 sacratissimo
732 2067 771 2091 se
784 2056 1000 2102 magistratu
1015 2056 1112 2090 ultro
1125 2056 1309 2097 abdicarit,
1323 2068 1432 2101 quam
1446 2061 1488 2092 ut
1500 2057 1692 2102 quicquam
1707 2058 1752 2092 ad

361 2118 517 2157 posteros
530 2113 765 2154 referendum,
778 2114 863 2147 dum
880 2112 979 2147 Petri
993 2116 1130 2148 teneret
1143 2114 1272 2155 sedem,
1284 2119 1464 2159 praestare
1477 2115 1646 2159 potuerit.
1682 2114 1752 2150 Sed

359 2171 518 2215 quisquis
530 2171 559 2204 is
570 2171 688 2212 fuerit,
695 2173 769 2206 sive
776 2171 983 2206 Bonifacius
991 2170 1148 2211 Tertius,
1156 2170 1340 2206 Saviniani
1349 2183 1538 2213 successor,
1545 2172 1606 2217 qui
1618 2172 1681 2206 vix
1694 2181 1750 2208 lx.

362 2237 497 2260 menses
510 2226 711 2262 Romanum
725 2229 834 2275 gessit
847 2227 1104 2273 pontificatum,
1116 2233 1158 2263 ut
1168 2229 1315 2273 quidam
1326 2230 1531 2274 opinantur,
1543 2230 1618 2264 sive
1630 2230 1675 2264 ab
1686 2230 1752 2265 hoc

362 2283 524 2327 pontifice
541 2284 667 2319 missus
684 2287 833 2331 legatus,
852 2290 888 2320 et
905 2286 950 2320 ob
967 2285 1003 2319 id
1021 2286 1102 2319 rudi
1116 2287 1247 2331 populo
1260 2298 1352 2332 papa
1365 2287 1531 2327 creditus,
1546 2287 1679 2333 insigni
1695 2288 1752 2321 vir

365 2341 505 2384 pietate,
517 2346 551 2374 et
562 2341 599 2374 in
610 2342 720 2377 literis
732 2344 839 2378 sacris
851 2343 1011 2388 apprime
1023 2344 1195 2383 eruditus,
1207 2345 1329 2378 multis
1346 2345 1485 2378 indiciis
1502 2345 1548 2378 ad
1562 2349 1684 2378 nostra
1698 2356 1750 2379 se-

361 2398 442 2431 cula
452 2403 505 2432 est
515 2398 659 2434 delatus.
674 2399 754 2440 Quo
764 2402 839 2436 loco
850 2402 981 2436 etenim
992 2401 1030 2435 in
1041 2405 1171 2436 terram
1184 2401 1374 2442 descendit,
1386 2402 1558 2446 templum
1570 2400 1614 2435 D.
1629 2400 1747 2442 Petro,
