2032 2912
718 334 893 368 GENTIS
917 330 1194 369 SCOTORUM,
1220 330 1309 364 LIB.
1334 331 1361 363 1.
1714 332 1734 362 ’ἵ

342 431 548 476 potissimus
565 429 773 468 habebatur,
792 427 893 472 (Vita
910 426 1124 471 Maidulphi,
1142 430 1178 461 et
1195 424 1510 470 Scotichronicon,)
1533 428 1570 459 et
1592 425 1631 458 in
1653 424 1730 470 ejus

341 488 496 533 gratiam
529 486 829 521 Sherbornensem
866 484 1118 528 episcopatum,
1160 495 1251 528 quae
1292 486 1415 527 postea
1456 481 1731 516 Sarisburiensis
1764 528 1775 535 A

340 545 436 579 dicta
452 543 631 582 dioecesis,
648 542 818 580 instituit,
835 544 1026 585 postquam
1043 540 1145 574 annis
1163 548 1312 573 XXX1v.
1332 539 1439 574 abbas
1457 538 1594 573 fuisset.

390 601 474 635 Non
490 600 610 634 induit
627 598 791 633 habitum
809 598 847 631 in
863 596 1008 642 Anglia‚
1026 600 1068 630 ut
1091 600 1254 640 apostata
1277 595 1430 630 Balaeus
1454 596 1647 637 contendit,
1672 597 1733 630 sed

339 660 375 694 in
406 656 646 691 Maildubensi
675 655 843 689 coenobio
872 653 1104 687 Benedictino
1133 653 1173 687 in
1201 652 1337 693 Scotia,
1361 654 1457 698 quod
1487 653 1596 687 etiam
1623 653 1731 688 abbas

339 718 458 749 sancte
491 712 767 752 administravit,
805 716 847 746 ut
879 714 1020 755 praeter
1052 714 1229 745 nostrates
1262 708 1448 744 Conradus
1482 709 1660 744 Gesnerus
1694 711 1731 744 in

340 771 563 806 Bibliotheca
580 773 736 804 correcta
752 768 921 813 prodidit.

388 828 487 862 Beda
500 838 581 862 eum
594 827 655 862 lib.
671 835 708 861 V.
725 826 822 861 Hist.
836 824 946 872 Angl.
961 835 1037 869 cap.
1053 833 1111 859 IX·
1125 825 1235 860 effuse
1247 824 1381 859 laudat.
1399 824 1455 859 De
1467 826 1609 870 scriptis
1623 826 1732 860 etiam

337 885 360 919 J
363 897 442 921 oan.
461 884 642 921 Meursius
660 883 819 918 Mantisa
836 893 911 928 cap.
931 891 957 917 1.
985 887 1006 902 “
1020 882 1177 929 Elegans
1194 893 1278 930 sane
1294 883 1447 927 scriptor
1463 881 1674 924 Adhelmus,
1698 888 1734 917 et

338 943 468 989 dignus
494 942 640 976 clariore
665 942 755 982 luce,
779 951 875 975 nunc
899 940 1003 985 quasi
1028 940 1067 974 in
1091 940 1282 974 latibulum
1308 940 1451 985 aliquod
1477 948 1692 985 compactus,
1710 952 1732 974 a

339 1000 461 1045 paucis
474 999 607 1046 legitur
620 1010 630 1033 z
650 1000 765 1044 stylus
779 998 846 1033 etsi
859 1009 932 1032 non
944 1002 1102 1038 ornatus,
1116 1008 1285 1032 amoenus
1298 1001 1419 1032 tamen
1431 1002 1496 1039 est,
1510 1002 1546 1032 et
1559 998 1653 1042 capit
1666 998 1734 1032 lec-

339 1063 452 1092 torem
470 1057 650 1093 eruditum
668 1056 713 1091 ob
729 1056 880 1091 insertas
902 1055 1058 1090 melioris
1082 1055 1288 1089 literaturae
1311 1066 1384 1089 non
1407 1066 1538 1100 paucas
1560 1066 1730 1101 gemmas.

338 1114 393 1149 De
411 1126 467 1149 me
484 1114 647 1159 equidem
664 1113 842 1159 profiteor,
860 1123 969 1157 supra
985 1112 1131 1147 modum
1147 1112 1361 1147 delectatum
1378 1111 1488 1147 fuisse
1505 1113 1599 1158 stylo
1619 1112 1657 1147 in
1670 1113 1732 1147 illa

338 1177 539 1216 temporum
556 1171 808 1206 inamoenitate
825 1175 899 1205 tam
917 1174 1032 1216 grato,
1050 1174 1086 1204 et
1102 1174 1177 1204 tam
1195 1170 1299 1204 docto
1315 1170 1355 1204 in
1372 1169 1443 1204 ista
1458 1169 1653 1204 barbarie.'’

388 1227 537 1272 Scripsit
559 1229 684 1268 multa,
709 1228 771 1262 sed
793 1227 880 1261 haec
901 1227 976 1261 fere
999 1227 1158 1261 eminent
1181 1238 1263 1261 cum
1286 1227 1403 1262 adhuc
1426 1226 1535 1262 abbas
1561 1232 1652 1262 esset
1673 1228 1733 1273 Ju-

338 1286 441 1320 bente
458 1285 594 1330 synodo
611 1285 728 1330 gentis
745 1283 931 1330 Anglicae‚
949 1283 1090 1329 insigne
1108 1288 1144 1318 et
1161 1284 1251 1318 utile
1269 1295 1371 1328 opus,
1681 1278 1685 1281 ’

484 1341 670 1376 Adversus
688 1340 860 1376 Errorem
878 1340 1071 1375 Britonum
1281 1340 1342 1375 lib.
1362 1349 1388 1375 1.

486 1398 542 1433 De
559 1398 803 1434 Celebratione
821 1397 980 1432 Paschae
1281 1397 1343 1432 lib,
1362 1406 1389 1432 Ι.

386 1457 497 1502 Saepe
513 1456 581 1491 hoc
598 1467 702 1500 opere
718 1455 925 1495 memoravi,
952 1459 988 1489 et
1010 1456 1113 1500 plene
1130 1454 1276 1489 Gabriel
1292 1454 1480 1491 Prateolus
1504 1456 1732 1498 Marcossius,

338 1514 395 1548 vir
412 1515 548 1554 doctus,
574 1513 726 1547 Elenchi
746 1512 1019 1546 Haereticorum
1044 1512 1105 1547 lib.
1130 1521 1188 1547 X1.
1213 1512 1252 1546 in
1278 1523 1362 1547 voce
1387 1511 1649 1555 Montanistae,
1671 1515 1733 1549 lib.

338 1581 413 1606 X11.
436 1571 475 1605 in
498 1568 712 1610 Novatiani,
734 1570 795 1604 lib.
823 1578 910 1603 XIV·
939 1569 978 1603 in
1003 1567 1251 1610 paschatitae,
1274 1570 1336 1604 lib.
1356 1579 1425 1604 XV.
1447 1571 1487 1605 in
1507 1569 1735 1613 Quatuorde-

338 1626 480 1669 cimam',
497 1628 558 1663 lib.
578 1636 681 1662 xvn.
699 1627 738 1661 in
755 1624 982 1668 Sabbathini,
1001 1627 1062 1662 lib.
1082 1636 1204 1662 XVIII.
1222 1628 1261 1662 in
1280 1625 1644 1669 Tessaresdeeatitae,
1659 1628 1734 1663 Ho-

339 1687 413 1720 sius
443 1686 503 1720 lib.
535 1686 579 1719 de
609 1684 843 1719 Caerimoniis
874 1695 950 1728 cap.
982 1693 1066 1719 XCI.
1096 1684 1289 1729 Nicephor.
1321 1685 1382 1719 lib.
1411 1694 1465 1719 IV.
1495 1697 1572 1731 cap.
1603 1695 1734 1720 xxxv.

339 1742 473 1777 Socrat.
499 1742 560 1776 lib.
588 1750 665 1778 X11.
690 1752 765 1786 cap.
793 1750 932 1775 XXXII.
958 1741 1174 1776 Philastrius
1198 1741 1411 1784 Brixiensis,
1439 1743 1475 1778 S.
1502 1743 1588 1778 Leo.
1615 1743 1733 1788 Epist.

341 1808 443 1834 LX11.
461 1799 498 1834 S.
516 1798 745 1843 Epiphanius
764 1798 912 1833 Haeres.
932 1807 1003 1833 XX.
1022 1803 1058 1834 et
1078 1798 1227 1834 Haeres.
1247 1807 1301 1833 LI.
1319 1804 1356 1834 et
1373 1799 1446 1834 alii.

486 1856 542 1890 De
559 1855 778 1902 Virginitate
796 1854 859 1889 SS.
1281 1856 1343 1891 lib.
1363 1866 1388 1891 1.
1407 1868 1525 1893 versu.

487 1913 543 1948 De
561 1914 684 1947 eadem
701 1912 757 1947 Re
1284 1914 1345 1948 lib.
1366 1923 1392 1949 1.
1409 1926 1525 1960 prosa.

483 1970 669 2015 Epistulae
687 1970 732 2004 ad
749 1969 909 2004 diversos
1282 1971 1344 2005 lib.
1364 1981 1390 2006 1.

488 2027 544 2062 De
562 2027 650 2062 Vita
666 2026 926 2061 Monachorum
1280 2028 1343 2063 lib.
1363 2038 1389 2063 1.

485 2084 540 2119 De
557 2084 682 2119 Laude
700 2083 763 2118 SS.
1281 2085 1342 2120 lib.
1363 2095 1390 2121 Ι.

436 2179 438 2181 ,
487 2142 542 2176 De
560 2141 760 2187 Septenarii
777 2140 966 2187 Dignitate
1039 2170 1047 2176 .
1281 2143 1340 2178 lib.
1361 2153 1386 2178 Ι.

488 2199 543 2233 De
559 2204 639 2234 octo
657 2198 767 2233 Vitiis
785 2198 1041 2243 principalibus
1281 2201 1342 2235 lib.
1356 2211 1390 2236 «1.

487 2256 543 2290 De
559 2255 799 2293 Arithmetica
1280 2258 1341 2293 lib.
1361 2268 1387 2293 1.

489 2312 544 2347 De
561 2312 771 2359 Astrologia
1281 2315 1343 2350 lib.
1364 2324 1390 2350 1.

489 2370 545 2405 De
565 2371 864 2416 Philosophorum
881 2371 1091 2417 Disciplinis
1281 2372 1343 2408 lib.
1362 2383 1378 2407 1

491 2429 614 2465 Flores
630 2429 819 2476 utriusque
836 2429 1058 2465 Testamenti
1281 2431 1342 2466 lib.
1363 2440 1406 2466 11.
