2032 2912
709 342 885 375 GENTIS
909 341 1187 380 SCOTORUM‚
1212 340 1302 373 LIB.
1327 341 1391 373 ΙΙΙ.
1677 339 1736 370 131

397 438 516 482 Opera
533 438 591 471 ille
609 448 674 471 sua
690 438 849 481 dispersa
865 437 1021 481 reliquit,
1039 447 1129 480 quae
1146 435 1342 480 publicavit
1359 433 1537 473 Asterius,
1556 438 1597 468 ut
1615 433 1736 467 docuit

349 495 404 528 vir
430 495 654 529 doctissimus
680 494 833 528 Jacobus
860 493 1069 527 sirmondus
1099 492 1226 526 Societ.
1257 491 1345 525 Jesu
1375 492 1420 525 ad
1446 490 1590 524 Ennod.
1618 490 1679 524 lib.
1709 500 1734 524 1.

348 553 449 597 epist.
469 560 586 586 XXIV.
604 563 648 586 ex
667 551 744 585 MS.
763 551 956 585 Rhemensi
974 551 1101 589 codice,
1127 551 1190 594 qui
1214 550 1299 584 haec
1316 549 1536 594 praeferebat
1553 560 1562 583 :
1616 554 1637 568 “
1657 548 1736 583 Hoc

349 621 437 654 opus
465 609 629 643 Sedulius
661 609 754 642 inter
779 608 958 642 chartulas
985 607 1183 650 dispersum
1207 607 1363 651 reliquit,
1391 607 1487 651 quod
1512 607 1736 640 recollectum

349 667 630 710 adornatumque
647 666 692 699 ad
709 676 849 699 omnem
868 664 1081 710 elegantiam
1098 664 1325 709 divulgatum
1343 668 1397 698 est
1422 675 1444 697 a
1470 663 1602 697 Turcio
1629 663 1736 697 Rufio

350 723 507 764 Asterio,
527 732 564 757 V.
592 732 626 757 c.
646 722 800 756 Consule
826 721 1017 761 ordinario,
1043 725 1078 755 et
1106 720 1293 755 Patricio.'’
1345 720 1516 766 Sequitur
1541 721 1667 755 deinde
1697 721 1735 754 in

347 780 467 814 eodem
487 780 565 815 MS.
584 780 805 826 epigramma
821 778 958 813 Asterii
974 788 983 811 ε

568 877 667 909 Sume,
683 885 761 904 sacer
774 875 894 909 meritis,
909 875 1020 903 veracia
1034 874 1111 903 dicta
1125 879 1236 913 poetae,

606 923 690 958 Quae
704 923 766 952 sine
778 922 909 961 figmenti
923 922 1038 951 condita
1052 927 1121 950 sunt
1135 922 1217 950 vitio.

571 970 638 1006 Quo
651 974 730 998 caret
743 969 817 998 alma
831 969 911 1003 fides,
926 979 982 1007 quo
995 969 1086 997 saneti
1099 969 1191 1007 gratia
1205 968 1326 1002 Christi,

610 1017 665 1046 Per
678 1026 764 1055 quam
775 1017 872 1054 justus
886 1017 926 1045 ait
941 1016 1010 1045 talia
1025 1015 1169 1045 Sedulius.

570 1064 738 1102 Asteriique
751 1064 796 1093 tui
809 1074 922 1102 semper
935 1064 1099 1092 meminisse
1110 1063 1223 1101 jubeto,

607 1111 698 1149 Cujus
712 1121 765 1150 ope
779 1116 808 1140 et
822 1111 898 1139 curis
912 1110 1026 1139 reddita
1040 1115 1108 1139 sunt
1122 1110 1246 1149 populis.

569 1158 652 1193 Quae
666 1158 796 1196 quamvis
809 1157 914 1187 summi
928 1157 1073 1186 celebrent
1087 1167 1138 1196 per
1152 1156 1248 1186 secula
1261 1156 1339 1189 fasti,

605 1204 677 1233 Plus
691 1210 788 1234 tamen
802 1205 839 1233 ad
852 1204 989 1234 meritum
1003 1209 1057 1238 est,
1072 1204 1095 1232 si
1110 1204 1189 1242 viget
1203 1214 1250 1232 ore
1264 1209 1325 1232 tuo.

396 1295 643 1330 Indubitatum
663 1305 747 1339 ergo
764 1294 926 1339 relinquo
943 1294 1010 1328 sub
1028 1293 1230 1327 Theodosio
1249 1292 1413 1337 Hispano
1430 1293 1533 1327 illum
1556 1295 1733 1335 claruisse,

344 1363 415 1397 quo
432 1353 549 1387 seculo
569 1351 676 1391 Scoti,
695 1355 737 1384 ut
754 1361 863 1395 supra
880 1351 1014 1390 monui,
1032 1351 1191 1395 plerique
1210 1350 1414 1384 exulabant.
1467 1349 1561 1396 Ejus
1578 1355 1663 1385 sunt
1678 1361 1686 1385 ε

491 1409 661 1443 Paschale
678 1418 778 1452 opus,
797 1408 872 1441 sive
891 1408 1113 1441 Mirabilium
1131 1407 1349 1441 Divinorum
1365 1407 1427 1441 lib.
1446 1415 1483 1440 v.
1504 1418 1622 1442 versu.

492 1466 547 1500 De
565 1466 687 1499 eadem
704 1476 753 1504 re,
771 1465 963 1509 eodemque
980 1470 1203 1511 argumento,
1223 1465 1285 1499 lib.
1304 1473 1342 1498 v.
1362 1465 1480 1498 soluta
1496 1464 1667 1500 oratione.

491 1523 535 1558 In
552 1534 674 1557 omnes
692 1522 875 1567 Epistolas
893 1522 998 1556 Pauli
1015 1521 1283 1563 Commentarii‚
1301 1533 1390 1567 quos
1404 1522 1543 1567 primus
1558 1522 1736 1557 Henricus

541 1581 641 1615 Petri
659 1580 821 1614 Basileae
839 1580 951 1614 edidit
968 1590 1062 1614 anno
1081 1588 1234 1614 MDLXI.

495 1638 666 1684 Hymnus
683 1638 727 1670 de
744 1635 832 1671 Vita
849 1636 997 1671 Christi.

393 1696 558 1735 Vivebat,
567 1695 761 1729 secundum
774 1693 958 1738 quosdam,
966 1694 1032 1728 sub
1046 1694 1247 1728 Theodosio
1261 1694 1410 1734 seniore,
1424 1705 1517 1728 anno
1531 1703 1734 1729 ccccxxx.

347 1765 456 1798 eaque
474 1753 591 1787 verior
609 1751 796 1791 sententia,
816 1755 851 1784 et
868 1751 982 1796 magis
1000 1752 1162 1795 placens3
1188 1752 1244 1784 vel
1259 1759 1483 1785 CCCLXXXI.
1502 1752 1587 1785 dum
1605 1751 1736 1786 Valens

345 1810 533 1857 Augustus
567 1809 667 1849 obiit,
703 1807 842 1842 Albert.
879 1807 1061 1842 Stadensis
1096 1808 1229 1842 Chron.
1264 1819 1345 1853 pag.
1382 1816 1499 1842 XLIX.
1543 1810 1600 1842 vel
1643 1820 1735 1843 anno

347 1870 568 1902 cecc‘XLIX.
621 1865 760 1900 Sanctis
778 1865 1051 1899 adnumeratum
1068 1865 1196 1910 probat
1217 1865 1374 1899 Joannes
1401 1864 1581 1910 Groperus
1604 1871 1689 1901 tom.
1710 1876 1734 1900 1.

346 1925 388 1960 de
407 1924 715 1959 Praestantissimo
733 1922 871 1957 Altaris
889 1921 1117 1957 Sacramento
1133 1934 1215 1969 pag.
1235 1932 1380 1957 CCCLX.
1399 1927 1440 1957 ut
1454 1923 1563 1958 vertit
1577 1923 1736 1959 Christo-

346 1983 479 2026 phorus
497 1981 689 2016 Cassianus
707 1980 998 2014 Trarbachensis.

849 2095 885 2129 S.
913 2094 1097 2129 CEDDA.
1150 2097 1232 2129 230.

348 2211 382 2245 S.
411 2210 569 2251 Caum,
602 2210 677 2244 sive
706 2209 857 2250 Ceadda,
886 2215 927 2244 ut
956 2210 1035 2244 vult
1069 2209 1201 2244 Matth.
1233 2209 1490 2244 westmonast,
1525 2211 1570 2244 ad
1604 2205 1737 2245 annum

349 2277 503 2302 DCLVII.
541 2279 635 2302 unus
670 2267 740 2301 fuit
775 2278 818 2301 ex
852 2272 1006 2312 quatuor
1040 2267 1256 2312 presbyteris
1291 2267 1354 2312 qui
1388 2267 1425 2301 S.
1460 2267 1666 2302 Finnanum
1701 2269 1739 2302 in

347 2325 518 2372 Angliam
548 2325 659 2359 secuti
695 2325 970 2358 mediterraneos
1000 2323 1139 2370 Anglos
1173 2335 1273 2359 sacro
1306 2324 1387 2359 fidei
1421 2325 1647 2359 Christianae
1679 2327 1740 2360 do-

347 2387 467 2429 gmate
501 2382 752 2417 informarunt.
804 2381 918 2426 Super
951 2393 1022 2426 quo
1057 2382 1165 2416 verba
1199 2382 1380 2427 scriptoris
1414 2381 1527 2429 Angli
1563 2382 1738 2417 Florentii

347 2440 595 2487 Vigorniensis
626 2448 825 2485 apponam:
861 2443 882 2459 ‘⁶
901 2439 1155 2474 Mediterranei
1179 2439 1292 2486 Angli
1322 2440 1390 2475 sub
1420 2439 1543 2475 Penda
1569 2441 1739 2485 principe,
