2044 2992
970 341 1040 381 xiv

320 448 521 506 parietina
540 447 678 490 arcula
697 445 875 501 protulit
894 459 1044 500 panem
1064 446 1296 487 secundum
1322 452 1366 486 et
1390 460 1514 500 cepe:
1551 453 1561 470 ‘
1582 447 1698 488 Haec

319 519 439 563 sunt,'
459 515 527 562 ait,
548 520 558 538 ⁴
576 511 732 553 fercula
752 511 904 564 quibus
925 516 978 559 te,
999 516 1041 550 et
1061 524 1203 551 carum
1224 517 1266 550 et
1293 516 1475 551 veterem
1505 510 1698 559 amicum,

318 579 494 632 accipio;
526 591 609 617 non
631 576 729 630 quia
748 581 795 615 tu
816 574 896 615 alia
916 588 1001 614 non
1020 575 1225 622 merearis,
1246 575 1318 614 sed
1334 589 1409 629 ego
1424 574 1595 615 meliora
1611 590 1696 615 non

318 643 457 681 habeo.
517 641 595 680 His
616 654 692 694 ego
712 638 858 679 multis
875 640 963 692 jam
983 638 1103 678 annis
1129 639 1238 678 vitae
1262 638 1458 693 reliquias
1487 639 1696 693 protraho,

317 712 359 745 et
392 710 491 745 sunt
520 718 616 744 sane
648 702 833 743 dulciora
862 716 988 756 quam
1014 709 1258 756 magnatum
1284 716 1453 743 mensae
1482 704 1699 758 parasitica

318 775 405 809 arte
422 768 685 809 conciliatae.’
737 767 837 807 Post
856 766 958 806 haec
977 767 1168 815 surrexit,
1190 775 1232 807 et
1252 780 1404 820 aquam
1424 766 1544 807 fictili
1561 781 1697 808 exem-

316 839 441 886 ptam,
473 831 622 886 poculo
653 831 792 885 fagino
820 830 1080 884 propinavit:
1115 844 1200 870 non
1228 831 1361 871 refero
1388 830 1560 884 reliqua,
1591 846 1697 885 quae

318 896 388 936 ille
408 896 512 935 mira
532 894 672 935 vultus
693 894 896 948 gravitate
915 893 1104 947 protulit,
1125 900 1167 934 et
1194 908 1270 948 ego
1292 894 1482 935 intentus
1501 909 1586 935 non
1609 896 1697 936 sine

318 960 506 1013 lacrymis
527 960 679 1013 excepi.
738 958 821 1003 Qui
841 957 943 1011 legit
969 958 1081 1007 haec,
1108 957 1323 998 clarissimi
1353 958 1430 998 viri
1456 959 1696 999 memoriam

314 1038 477 1063 mecum
497 1023 728 1070 honorabit,
749 1029 792 1063 et
812 1028 1019 1076 quantum
1040 1022 1255 1076 iniquitati
1277 1028 1514 1076 temporum
1544 1023 1588 1063 in
1618 1023 1698 1063 vir-

315 1093 450 1127 tutem
477 1087 609 1135 liceat,
640 1101 779 1127 secum
809 1086 1051 1141 perpendet,
1083 1092 1126 1126 et
1156 1086 1298 1126 mirari
1331 1086 1494 1126 desinet
1522 1088 1699 1127 Socratis

313 1152 615 1205 parsimoniam,
646 1157 719 1190 aut
747 1150 920 1205 Epicuri
948 1150 1255 1191 abstinentiam.
1314 1150 1518 1191 Pecunias
1538 1151 1699 1205 aliquot

314 1216 448 1255 mutui
482 1216 651 1256 nomine
683 1215 866 1269 accipere
901 1215 1116 1263 recusavit,
1147 1215 1262 1269 quod
1292 1228 1335 1255 se
1365 1213 1563 1255 solvendo
1591 1231 1699 1255 nun-

314 1294 438 1333 quam
459 1280 651 1319 futurum
677 1293 775 1333 prae
800 1279 995 1319 fortunae
1020 1279 1245 1319 acerbitate
1274 1277 1553 1331 intelligeret3
1588 1280 1699 1320 dono

314 1351 452 1384 tamen
485 1343 643 1398 aliquas
676 1344 752 1384 sibi
782 1343 952 1384 concedi
982 1357 1124 1397 passus
1159 1346 1255 1383 est.’'
1315 1342 1434 1383 Tom.
1466 1343 1506 1383 ii.
1537 1357 1575 1397 p.
1604 1346 1696 1384 365.

316 1407 537 1456 Nimirum,
556 1408 658 1448 haec
678 1408 751 1462 qui
772 1407 886 1462 legit,
905 1407 1187 1447 honestissimi
1207 1407 1284 1447 viri
1299 1407 1541 1447 memoriam
1558 1413 1696 1448 tecum

312 1473 540 1512 honorabit.
602 1473 682 1512 Pro
702 1473 881 1513 Joamws
900 1471 1126 1525 legendum
1156 1485 1303 1511 censeo
1333 1471 1520 1511 Jacobus.
1578 1472 1697 1513 Inter

313 1538 401 1590 ejus
428 1550 550 1590 opera
576 1542 763 1576 recenset
783 1536 1059 1590 Dempsterus
1085 1541 1106 1559 ‘⁶
1127 1535 1441 1589 Epigrammata
1460 1536 1696 1577 acutissima

312 1600 426 1640 libris
448 1601 580 1640 tribus
598 1603 633 1647 ;”
664 1606 707 1641 et
727 1601 871 1641 Jacobi
893 1599 1169 1647 Hacarstonii,
1190 1599 1349 1639 tribuni
1370 1597 1566 1648 militum,
1596 1601 1696 1655 Epi-

312 1672 549 1718 grammata,
569 1679 701 1719 pauca
720 1665 892 1719 quidem
913 1664 995 1712 illa,
1027 1669 1173 1704 extant
1202 1664 1313 1704 inter
1342 1661 1520 1704 Delitias
1551 1665 1698 1705 Poeta-

313 1741 405 1768 rum
426 1729 652 1777 Scotorum,
672 1735 771 1769 tom.
793 1729 817 1769 i.
837 1743 878 1782 p.
900 1729 992 1772 376.

367 1792 431 1832 De
451 1792 535 1832 vita
555 1798 597 1832 et
617 1792 779 1846 scriptis
800 1806 981 1840 suorum,
997 1791 1132 1832 multa
1147 1791 1445 1846 Dempsterum
1461 1793 1695 1834 docuerunt

310 1856 619 1910 peregrinantes
640 1862 908 1910 errantesque
929 1856 1051 1904 Scoti,
1070 1855 1173 1896 adeo
1194 1861 1244 1895 ut
1263 1857 1501 1897 rumoribus
1517 1864 1559 1898 et
1580 1858 1696 1898 audi-

311 1921 493 1961 tionibus
513 1935 597 1961 non
618 1935 709 1961 raro
730 1921 783 1961 sit
803 1926 1017 1975 permotus
1035 1936 1044 1960 ι
1078 1918 1215 1959 multa
1240 1919 1384 1974 itaque
1414 1921 1459 1961 in
1489 1936 1697 1962 commen-

313 1984 463 2023 tarium
498 1984 653 2032 retulit,
688 1999 795 2038 quae
829 1984 948 2024 nullo
978 1984 1076 2024 satis
1106 1984 1256 2024 idoneo
1287 1990 1456 2025 auctore
1484 1986 1693 2026 nituntur.

314 2047 488 2088 Viderat
507 2055 648 2088 autem
667 2048 870 2102 plurimos
899 2047 1037 2096 libros,
1063 2062 1088 2087 a
1113 2047 1271 2087 civibus
1298 2048 1382 2088 suis
1411 2049 1568 2103 ubique
1597 2064 1696 2103 gen-

314 2111 420 2150 tium
455 2112 598 2160 editos,
634 2112 707 2166 qui
741 2126 854 2152 nunc
889 2112 998 2151 inter
1027 2111 1254 2151 rarissimos
1284 2118 1384 2152 sunt
1413 2112 1619 2160 habendi3
1651 2114 1694 2153 in

315 2175 461 2228 hisque
482 2178 603 2216 rebus
623 2177 726 2216 fides
746 2178 836 2230 ejus
857 2190 1162 2229 nonnunquam
1183 2182 1383 2230 suspecta,
1413 2183 1583 2231 propter
1603 2192 1696 2218 nos-

317 2245 422 2278 tram
443 2246 608 2280 tantum
629 2240 846 2280 inscitiam.
904 2240 1018 2280 Citat
1038 2240 1270 2280 identidem
1290 2246 1478 2281 auctores
1505 2243 1694 2282 nondum

318 2303 361 2341 in
381 2302 530 2355 vulgus
550 2304 681 2344 editos
699 2321 708 2351 3
742 2304 870 2352 velut,
892 2304 1078 2344 Forduni
1100 2304 1447 2353 Scotichronicon,
1474 2305 1601 2346 Millii
1624 2306 1696 2346 Vi-

318 2373 380 2406 tas
401 2366 699 2421 Episcoporum
721 2368 1097 2416 Dunkeldensium,
1119 2368 1309 2409 Neutoni
1330 2369 1449 2411 Vitas
1470 2371 1695 2425 Episcopo-

318 2444 411 2470 rum
450 2430 823 2479 Dunblanensium,
865 2432 998 2473 Bruni
1034 2432 1314 2482 Collectanea,
1347 2434 1431 2475 sive
1465 2434 1695 2475 Historiam
