<?xml version="1.0" encoding="UTF-8"?>
<!DOCTYPE html PUBLIC "-//W3C//DTD XHTML 1.0 Transitional//EN"
    "http://www.w3.org/TR/xhtml1/DTD/xhtml1-transitional.dtd">
<html xmlns="http://www.w3.org/1999/xhtml" xml:lang="en" lang="en">
 <head>
  <title>
</title>
<meta http-equiv="Content-Type" content="text/html;charset=utf-8" />
  <meta name='ocr-system' content='tesseract 3.04.00' />
  <meta name='ocr-capabilities' content='ocr_page ocr_carea ocr_par ocr_line ocrx_word'/>
</head>
<body>
  <div class='ocr_page' id='page_1' title='image "./thomaedempste2101dempuoft_0028.png"; bbox 0 0 2044 2992; ppageno 0'>
   <div class='ocr_carea' id='block_1_1' title="bbox 1006 353 1034 379">
    <p class='ocr_par' dir='ltr' id='par_1_1' title="bbox 1006 353 1034 379">
     <span class='ocr_line' id='line_1_1' title="bbox 1006 353 1034 379; baseline 0 0"><span class='ocrx_word' id='word_1_1' title='bbox 1006 353 1034 379; x_wconf 81' lang='lat' dir='ltr'><strong>X</strong></span> 
     </span>
    </p>
   </div>
   <div class='ocr_carea' id='block_1_2' title="bbox 326 440 1715 2483">
    <p class='ocr_par' dir='ltr' id='par_1_2' title="bbox 326 440 1715 2483">
     <span class='ocr_line' id='line_1_2' title="bbox 330 440 1710 496; baseline -0.011 0"><span class='ocrx_word' id='word_1_2' title='bbox 330 456 415 496; x_wconf 87' lang='lat' dir='ltr'>fere</span> <span class='ocrx_word' id='word_1_3' title='bbox 434 450 708 494; x_wconf 88' lang='lat' dir='ltr'>tumultuaria</span> <span class='ocrx_word' id='word_1_4' title='bbox 727 453 837 494; x_wconf 89' lang='lat' dir='ltr'>sunt,</span> <span class='ocrx_word' id='word_1_5' title='bbox 857 446 910 486; x_wconf 93' lang='lat' dir='ltr'>ad</span> <span class='ocrx_word' id='word_1_6' title='bbox 928 443 1229 496; x_wconf 84' lang='lat' dir='ltr'><strong>historiamque</strong></span> <span class='ocrx_word' id='word_1_7' title='bbox 1250 440 1565 482; x_wconf 86' lang='lat' dir='ltr'>ecclesiasticam</span> <span class='ocrx_word' id='word_1_8' title='bbox 1592 448 1634 482; x_wconf 88' lang='lat' dir='ltr'>et</span> <span class='ocrx_word' id='word_1_9' title='bbox 1660 442 1710 482; x_wconf 87' lang='lat' dir='ltr'>li-</span> 
     </span>
     <span class='ocr_line' id='line_1_3' title="bbox 330 505 1709 569; baseline -0.01 -10"><span class='ocrx_word' id='word_1_10' title='bbox 330 518 520 559; x_wconf 85' lang='lat' dir='ltr'>terariam</span> <span class='ocrx_word' id='word_1_11' title='bbox 540 515 786 569; x_wconf 91' lang='lat' dir='ltr'>plerumque</span> <span class='ocrx_word' id='word_1_12' title='bbox 807 514 1006 564; x_wconf 89' lang='lat' dir='ltr'>spectant.</span> <span class='ocrx_word' id='word_1_13' title='bbox 1064 506 1216 547; x_wconf 90' lang='lat' dir='ltr'>Omnia</span> <span class='ocrx_word' id='word_1_14' title='bbox 1236 520 1349 545; x_wconf 91' lang='lat' dir='ltr'>nunc</span> <span class='ocrx_word' id='word_1_15' title='bbox 1369 519 1580 546; x_wconf 84' lang='lat' dir='ltr'>recensere</span> <span class='ocrx_word' id='word_1_16' title='bbox 1601 505 1709 545; x_wconf 84' lang='lat' dir='ltr'>nihil</span> 
     </span>
     <span class='ocr_line' id='line_1_4' title="bbox 331 569 1710 625; baseline -0.009 -4"><span class='ocrx_word' id='word_1_17' title='bbox 331 582 504 625; x_wconf 87' lang='lat' dir='ltr'>attinet;</span> <span class='ocrx_word' id='word_1_18' title='bbox 537 591 679 618; x_wconf 90' lang='lat' dir='ltr'>eorum</span> <span class='ocrx_word' id='word_1_19' title='bbox 701 581 867 615; x_wconf 90' lang='lat' dir='ltr'>tantum</span> <span class='ocrx_word' id='word_1_20' title='bbox 887 572 1056 613; x_wconf 89' lang='lat' dir='ltr'>nomina</span> <span class='ocrx_word' id='word_1_21' title='bbox 1086 583 1303 624; x_wconf 86' lang='lat' dir='ltr'>apponam,</span> <span class='ocrx_word' id='word_1_22' title='bbox 1333 575 1376 610; x_wconf 93' lang='lat' dir='ltr'>et</span> <span class='ocrx_word' id='word_1_23' title='bbox 1404 569 1510 610; x_wconf 88' lang='lat' dir='ltr'>alius</span> <span class='ocrx_word' id='word_1_24' title='bbox 1536 570 1710 610; x_wconf 87' lang='lat' dir='ltr'>fortasse</span> 
     </span>
     <span class='ocr_line' id='line_1_5' title="bbox 330 633 1709 694; baseline -0.008 -10"><span class='ocrx_word' id='word_1_25' title='bbox 330 644 408 685; x_wconf 91' lang='lat' dir='ltr'>erit</span> <span class='ocrx_word' id='word_1_26' title='bbox 427 644 479 683; x_wconf 88' lang='lat' dir='ltr'>de</span> <span class='ocrx_word' id='word_1_27' title='bbox 498 642 612 681; x_wconf 90' lang='lat' dir='ltr'>libris</span> <span class='ocrx_word' id='word_1_28' title='bbox 634 640 731 694; x_wconf 89' lang='lat' dir='ltr'>ipsis</span> <span class='ocrx_word' id='word_1_29' title='bbox 751 636 993 692; x_wconf 87' lang='lat' dir='ltr'>disputandi</span> <span class='ocrx_word' id='word_1_30' title='bbox 1013 634 1139 674; x_wconf 85' lang='lat' dir='ltr'>locus.</span> <span class='ocrx_word' id='word_1_31' title='bbox 1198 639 1220 657; x_wconf 77' lang='lat'>‘⁶</span> <span class='ocrx_word' id='word_1_32' title='bbox 1239 634 1375 674; x_wconf 90' lang='lat' dir='ltr'>Scotia</span> <span class='ocrx_word' id='word_1_33' title='bbox 1394 633 1608 682; x_wconf 82' lang='lat' dir='ltr'><strong>illustrior,</strong></span> <span class='ocrx_word' id='word_1_34' title='bbox 1636 648 1709 674; x_wconf 86' lang='lat' dir='ltr'>seu</span> 
     </span>
     <span class='ocr_line' id='line_1_6' title="bbox 329 697 1711 757; baseline -0.007 -10"><span class='ocrx_word' id='word_1_35' title='bbox 329 704 623 747; x_wconf 84' lang='lat' dir='ltr'>Mendicabula</span> <span class='ocrx_word' id='word_1_36' title='bbox 652 716 844 757; x_wconf 89' lang='lat' dir='ltr'>repressa,</span> <span class='ocrx_word' id='word_1_37' title='bbox 873 699 1060 740; x_wconf 89' lang='lat' dir='ltr'>modesta</span> <span class='ocrx_word' id='word_1_38' title='bbox 1088 698 1327 745; x_wconf 84' lang='lat' dir='ltr'>Parecbasi;</span> <span class='ocrx_word' id='word_1_39' title='bbox 1359 712 1443 752; x_wconf 92' lang='lat' dir='ltr'>qua</span> <span class='ocrx_word' id='word_1_40' title='bbox 1469 697 1621 738; x_wconf 88' lang='lat' dir='ltr'>Libelli</span> <span class='ocrx_word' id='word_1_41' title='bbox 1651 698 1711 738; x_wconf 86' lang='lat' dir='ltr'>fa-</span> 
     </span>
     <span class='ocr_line' id='line_1_7' title="bbox 327 761 1710 824; baseline -0.007 -12"><span class='ocrx_word' id='word_1_42' title='bbox 327 771 430 812; x_wconf 86' lang='lat' dir='ltr'>mosi</span> <span class='ocrx_word' id='word_1_43' title='bbox 452 768 710 824; x_wconf 87' lang='lat' dir='ltr'>impudentia</span> <span class='ocrx_word' id='word_1_44' title='bbox 736 764 956 818; x_wconf 87' lang='lat' dir='ltr'>detegitur,</span> <span class='ocrx_word' id='word_1_45' title='bbox 985 761 1201 802; x_wconf 84' lang='lat' dir='ltr'>mendacia</span> <span class='ocrx_word' id='word_1_46' title='bbox 1224 761 1401 802; x_wconf 86' lang='lat' dir='ltr'>ridicula</span> <span class='ocrx_word' id='word_1_47' title='bbox 1426 762 1710 810; x_wconf 89' lang='lat' dir='ltr'>confutantur,</span> 
     </span>
     <span class='ocr_line' id='line_1_8' title="bbox 329 826 1711 875; baseline -0.007 0"><span class='ocrx_word' id='word_1_48' title='bbox 329 835 489 875; x_wconf 88' lang='lat' dir='ltr'>Scotiae</span> <span class='ocrx_word' id='word_1_49' title='bbox 522 832 660 873; x_wconf 86' lang='lat' dir='ltr'>Sancti</span> <span class='ocrx_word' id='word_1_50' title='bbox 693 830 756 871; x_wconf 91' lang='lat' dir='ltr'>sui</span> <span class='ocrx_word' id='word_1_51' title='bbox 788 828 1066 874; x_wconf 83' lang='lat' dir='ltr'>vindicantur,</span> <span class='ocrx_word' id='word_1_52' title='bbox 1099 839 1145 865; x_wconf 89' lang='lat' dir='ltr'>ac</span> <span class='ocrx_word' id='word_1_53' title='bbox 1178 826 1288 866; x_wconf 88' lang='lat' dir='ltr'>bona</span> <span class='ocrx_word' id='word_1_54' title='bbox 1321 826 1405 867; x_wconf 88' lang='lat' dir='ltr'>fide</span> <span class='ocrx_word' id='word_1_55' title='bbox 1434 829 1711 866; x_wconf 87' lang='lat' dir='ltr'>asseruntur.”</span> 
     </span>
     <span class='ocr_line' id='line_1_9' title="bbox 328 889 1712 951; baseline -0.007 -13"><span class='ocrx_word' id='word_1_56' title='bbox 328 897 537 951; x_wconf 85' lang='lat' dir='ltr'>Lugduni,</span> <span class='ocrx_word' id='word_1_57' title='bbox 561 897 677 943; x_wconf 87' lang='grc'><strong>1620,</strong></span> <span class='ocrx_word' id='word_1_58' title='bbox 699 899 786 934; x_wconf 88' lang='lat' dir='ltr'>8vo.</span> <span class='ocrx_word' id='word_1_59' title='bbox 845 891 1001 932; x_wconf 91' lang='lat' dir='ltr'>Nullus</span> <span class='ocrx_word' id='word_1_60' title='bbox 1022 891 1063 930; x_wconf 90' lang='lat' dir='ltr'>in</span> <span class='ocrx_word' id='word_1_61' title='bbox 1085 890 1224 930; x_wconf 90' lang='lat' dir='ltr'>fronte</span> <span class='ocrx_word' id='word_1_62' title='bbox 1244 889 1339 930; x_wconf 88' lang='lat' dir='ltr'>libri</span> <span class='ocrx_word' id='word_1_63' title='bbox 1356 905 1502 939; x_wconf 88' lang='lat' dir='ltr'>annus,</span> <span class='ocrx_word' id='word_1_64' title='bbox 1518 891 1590 930; x_wconf 87' lang='lat' dir='ltr'>sed</span> <span class='ocrx_word' id='word_1_65' title='bbox 1606 890 1712 944; x_wconf 89' lang='lat' dir='ltr'>epis-</span> 
     </span>
     <span class='ocr_line' id='line_1_10' title="bbox 328 954 1711 1001; baseline -0.006 0"><span class='ocrx_word' id='word_1_66' title='bbox 328 962 413 1001; x_wconf 88' lang='lat' dir='ltr'>tola</span> <span class='ocrx_word' id='word_1_67' title='bbox 432 961 485 1000; x_wconf 89' lang='lat' dir='ltr'>ad</span> <span class='ocrx_word' id='word_1_68' title='bbox 505 960 550 999; x_wconf 93' lang='lat' dir='ltr'>F.</span> <span class='ocrx_word' id='word_1_69' title='bbox 572 958 847 999; x_wconf 89' lang='lat' dir='ltr'>Barberinum</span> <span class='ocrx_word' id='word_1_70' title='bbox 869 956 966 995; x_wconf 87' lang='lat' dir='ltr'>data</span> <span class='ocrx_word' id='word_1_71' title='bbox 982 960 1045 995; x_wconf 86' lang='lat' dir='ltr'>est</span> <span class='ocrx_word' id='word_1_72' title='bbox 1061 954 1220 994; x_wconf 88' lang='lat' dir='ltr'>Romae</span> <span class='ocrx_word' id='word_1_73' title='bbox 1236 957 1262 993; x_wconf 80' lang='lat'>4</span> <span class='ocrx_word' id='word_1_74' title='bbox 1279 968 1377 994; x_wconf 93' lang='lat' dir='ltr'>non.</span> <span class='ocrx_word' id='word_1_75' title='bbox 1393 954 1584 994; x_wconf 81' lang='lat' dir='ltr'>Octobris</span> <span class='ocrx_word' id='word_1_76' title='bbox 1600 968 1711 994; x_wconf 90' lang='lat' dir='ltr'>anno</span> 
     </span>
     <span class='ocr_line' id='line_1_11' title="bbox 333 1018 1712 1067; baseline -0.006 -2"><span class='ocrx_word' id='word_1_77' title='bbox 333 1026 449 1065; x_wconf 89' lang='lat'>1620.</span> <span class='ocrx_word' id='word_1_78' title='bbox 507 1029 528 1047; x_wconf 87' lang='lat'><strong>“</strong></span> <span class='ocrx_word' id='word_1_79' title='bbox 549 1022 705 1063; x_wconf 89' lang='lat' dir='ltr'>Asserti</span> <span class='ocrx_word' id='word_1_80' title='bbox 727 1020 886 1061; x_wconf 88' lang='lat' dir='ltr'>Scotiae</span> <span class='ocrx_word' id='word_1_81' title='bbox 906 1020 1027 1059; x_wconf 87' lang='lat' dir='ltr'>Cives</span> <span class='ocrx_word' id='word_1_82' title='bbox 1048 1018 1122 1067; x_wconf 88' lang='lat' dir='ltr'>sui,</span> <span class='ocrx_word' id='word_1_83' title='bbox 1144 1018 1180 1058; x_wconf 93' lang='lat' dir='ltr'>S.</span> <span class='ocrx_word' id='word_1_84' title='bbox 1202 1018 1445 1058; x_wconf 86' lang='lat' dir='ltr'>Bonifacius</span> <span class='ocrx_word' id='word_1_85' title='bbox 1461 1018 1712 1058; x_wconf 87' lang='lat' dir='ltr'>Rationibus</span> 
     </span>
     <span class='ocr_line' id='line_1_12' title="bbox 330 1081 1713 1136; baseline -0.005 -8"><span class='ocrx_word' id='word_1_86' title='bbox 330 1103 387 1128; x_wconf 77' lang='lat' dir='ltr'>IX.</span> <span class='ocrx_word' id='word_1_87' title='bbox 413 1088 594 1127; x_wconf 84' lang='lat' dir='ltr'>Joannes</span> <span class='ocrx_word' id='word_1_88' title='bbox 614 1086 736 1125; x_wconf 90' lang='lat' dir='ltr'>Duns</span> <span class='ocrx_word' id='word_1_89' title='bbox 761 1083 1012 1124; x_wconf 89' lang='lat' dir='ltr'>Rationibus</span> <span class='ocrx_word' id='word_1_90' title='bbox 1036 1097 1117 1122; x_wconf 83' lang='lat' dir='ltr'>xu.</span> <span class='ocrx_word' id='word_1_91' title='bbox 1176 1082 1437 1136; x_wconf 87' lang='lat' dir='ltr'>Excerptum</span> <span class='ocrx_word' id='word_1_92' title='bbox 1469 1096 1492 1122; x_wconf 92' lang='lat' dir='ltr'>e</span> <span class='ocrx_word' id='word_1_93' title='bbox 1518 1081 1634 1122; x_wconf 91' lang='lat' dir='ltr'>libris</span> <span class='ocrx_word' id='word_1_94' title='bbox 1660 1082 1713 1122; x_wconf 87' lang='lat' dir='ltr'>de</span> 
     </span>
     <span class='ocr_line' id='line_1_13' title="bbox 327 1146 1712 1204; baseline -0.004 -13"><span class='ocrx_word' id='word_1_95' title='bbox 327 1151 600 1204; x_wconf 86' lang='lat' dir='ltr'>Scriptoribus</span> <span class='ocrx_word' id='word_1_96' title='bbox 632 1148 796 1189; x_wconf 90' lang='lat' dir='ltr'>Scotis.”</span> <span class='ocrx_word' id='word_1_97' title='bbox 861 1147 1086 1195; x_wconf 83' lang='lat' dir='ltr'>Bononiae,</span> <span class='ocrx_word' id='word_1_98' title='bbox 1123 1147 1241 1195; x_wconf 89' lang='lat'>1621,</span> <span class='ocrx_word' id='word_1_99' title='bbox 1275 1151 1359 1187; x_wconf 89' lang='lat' dir='ltr'>4to.</span> <span class='ocrx_word' id='word_1_100' title='bbox 1428 1152 1449 1170; x_wconf 79' lang='lat'>‘⁶</span> <span class='ocrx_word' id='word_1_101' title='bbox 1474 1146 1712 1201; x_wconf 86' lang='lat' dir='ltr'>Apparatus</span> 
     </span>
     <span class='ocr_line' id='line_1_14' title="bbox 327 1210 1711 1264; baseline -0.003 -10"><span class='ocrx_word' id='word_1_102' title='bbox 327 1215 379 1254; x_wconf 87' lang='lat' dir='ltr'>ad</span> <span class='ocrx_word' id='word_1_103' title='bbox 400 1214 628 1254; x_wconf 84' lang='lat' dir='ltr'>Historiam</span> <span class='ocrx_word' id='word_1_104' title='bbox 649 1212 852 1252; x_wconf 83' lang='lat' dir='ltr'>Scoticam</span> <span class='ocrx_word' id='word_1_105' title='bbox 872 1210 941 1251; x_wconf 92' lang='lat' dir='ltr'>lib.</span> <span class='ocrx_word' id='word_1_106' title='bbox 964 1225 1011 1250; x_wconf 90' lang='lat'>11.</span> <span class='ocrx_word' id='word_1_107' title='bbox 1063 1211 1340 1251; x_wconf 88' lang='lat' dir='ltr'>Accesserunt</span> <span class='ocrx_word' id='word_1_108' title='bbox 1361 1210 1711 1264; x_wconf 86' lang='lat' dir='ltr'>Martyrologium</span> 
     </span>
     <span class='ocr_line' id='line_1_15' title="bbox 326 1275 1711 1330; baseline -0.003 -12"><span class='ocrx_word' id='word_1_109' title='bbox 326 1278 530 1318; x_wconf 88' lang='lat' dir='ltr'>Seoticum</span> <span class='ocrx_word' id='word_1_110' title='bbox 546 1278 791 1317; x_wconf 88' lang='lat' dir='ltr'>Sanctorum</span> <span class='ocrx_word' id='word_1_111' title='bbox 808 1289 1020 1315; x_wconf 81' lang='lat' dir='ltr'><strong>DCLxxlx.</strong></span> <span class='ocrx_word' id='word_1_112' title='bbox 1041 1275 1297 1330; x_wconf 88' lang='lat' dir='ltr'>Scriptorum</span> <span class='ocrx_word' id='word_1_113' title='bbox 1314 1276 1530 1315; x_wconf 86' lang='lat' dir='ltr'>Scotorum</span> <span class='ocrx_word' id='word_1_114' title='bbox 1548 1289 1711 1315; x_wconf 80' lang='lat' dir='ltr'><strong>MDCIII.</strong></span> 
     </span>
     <span class='ocr_line' id='line_1_16' title="bbox 327 1338 1712 1394; baseline -0.002 -12"><span class='ocrx_word' id='word_1_115' title='bbox 327 1341 662 1382; x_wconf 85' lang='lat' dir='ltr'>Nomenclatura.</span> <span class='ocrx_word' id='word_1_116' title='bbox 702 1340 819 1394; x_wconf 91' lang='lat' dir='ltr'>Opus</span> <span class='ocrx_word' id='word_1_117' title='bbox 835 1353 858 1379; x_wconf 92' lang='lat' dir='ltr'>e</span> <span class='ocrx_word' id='word_1_118' title='bbox 873 1338 1101 1393; x_wconf 85' lang='lat' dir='ltr'>peregrinis</span> <span class='ocrx_word' id='word_1_119' title='bbox 1117 1339 1305 1378; x_wconf 91' lang='lat' dir='ltr'>omnium</span> <span class='ocrx_word' id='word_1_120' title='bbox 1321 1339 1513 1392; x_wconf 89' lang='lat' dir='ltr'>gentium</span> <span class='ocrx_word' id='word_1_121' title='bbox 1528 1339 1712 1379; x_wconf 89' lang='lat' dir='ltr'>historiis</span> 
     </span>
     <span class='ocr_line' id='line_1_17' title="bbox 327 1402 1712 1457; baseline -0.001 -11"><span class='ocrx_word' id='word_1_122' title='bbox 327 1405 560 1452; x_wconf 88' lang='lat' dir='ltr'>collectum,</span> <span class='ocrx_word' id='word_1_123' title='bbox 574 1404 714 1444; x_wconf 90' lang='lat' dir='ltr'>omnia</span> <span class='ocrx_word' id='word_1_124' title='bbox 730 1403 839 1443; x_wconf 90' lang='lat' dir='ltr'>orbis</span> <span class='ocrx_word' id='word_1_125' title='bbox 855 1416 982 1456; x_wconf 89' lang='lat' dir='ltr'>regna</span> <span class='ocrx_word' id='word_1_126' title='bbox 997 1402 1066 1456; x_wconf 90' lang='lat' dir='ltr'>pio</span> <span class='ocrx_word' id='word_1_127' title='bbox 1079 1403 1219 1443; x_wconf 86' lang='lat' dir='ltr'>studio</span> <span class='ocrx_word' id='word_1_128' title='bbox 1234 1402 1481 1451; x_wconf 86' lang='lat' dir='ltr'>lustrantur,</span> <span class='ocrx_word' id='word_1_129' title='bbox 1497 1403 1712 1457; x_wconf 85' lang='lat' dir='ltr'>religiosae</span> 
     </span>
     <span class='ocr_line' id='line_1_18' title="bbox 327 1466 1714 1521; baseline -0.001 -11"><span class='ocrx_word' id='word_1_130' title='bbox 327 1471 363 1510; x_wconf 90' lang='lat' dir='ltr'>S.</span> <span class='ocrx_word' id='word_1_131' title='bbox 381 1470 431 1509; x_wconf 83' lang='lat' dir='ltr'>R.</span> <span class='ocrx_word' id='word_1_132' title='bbox 446 1469 493 1509; x_wconf 86' lang='lat' dir='ltr'>E.</span> <span class='ocrx_word' id='word_1_133' title='bbox 509 1467 690 1509; x_wconf 86' lang='lat' dir='ltr'>familiae</span> <span class='ocrx_word' id='word_1_134' title='bbox 706 1466 995 1514; x_wconf 87' lang='lat' dir='ltr'>nobilitantur,</span> <span class='ocrx_word' id='word_1_135' title='bbox 1010 1466 1183 1506; x_wconf 89' lang='lat' dir='ltr'>historia</span> <span class='ocrx_word' id='word_1_136' title='bbox 1198 1467 1333 1521; x_wconf 89' lang='lat' dir='ltr'>patria</span> <span class='ocrx_word' id='word_1_137' title='bbox 1350 1473 1538 1521; x_wconf 88' lang='lat' dir='ltr'>augetur,</span> <span class='ocrx_word' id='word_1_138' title='bbox 1551 1469 1714 1508; x_wconf 86' lang='lat' dir='ltr'>sectarii</span> 
     </span>
     <span class='ocr_line' id='line_1_19' title="bbox 329 1530 1712 1580; baseline -0.001 -7"><span class='ocrx_word' id='word_1_139' title='bbox 329 1534 616 1580; x_wconf 87' lang='lat' dir='ltr'>admonentur,</span> <span class='ocrx_word' id='word_1_140' title='bbox 629 1530 833 1572; x_wconf 89' lang='lat' dir='ltr'>catholica</span> <span class='ocrx_word' id='word_1_141' title='bbox 845 1531 996 1571; x_wconf 90' lang='lat' dir='ltr'>veritas</span> <span class='ocrx_word' id='word_1_142' title='bbox 1009 1537 1153 1570; x_wconf 87' lang='lat' dir='ltr'>contra</span> <span class='ocrx_word' id='word_1_143' title='bbox 1165 1531 1308 1571; x_wconf 90' lang='lat' dir='ltr'>hostes</span> <span class='ocrx_word' id='word_1_144' title='bbox 1321 1531 1401 1572; x_wconf 87' lang='lat' dir='ltr'>Dei</span> <span class='ocrx_word' id='word_1_145' title='bbox 1416 1538 1458 1572; x_wconf 90' lang='lat' dir='ltr'>et</span> <span class='ocrx_word' id='word_1_146' title='bbox 1471 1533 1630 1573; x_wconf 89' lang='lat' dir='ltr'>Scotiae</span> <span class='ocrx_word' id='word_1_147' title='bbox 1646 1533 1712 1572; x_wconf 85' lang='lat' dir='ltr'>fir-</span> 
     </span>
     <span class='ocr_line' id='line_1_20' title="bbox 327 1595 1712 1650; baseline -0.001 -13"><span class='ocrx_word' id='word_1_148' title='bbox 327 1603 475 1637; x_wconf 89' lang='lat' dir='ltr'>matur.</span> <span class='ocrx_word' id='word_1_149' title='bbox 524 1597 550 1636; x_wconf 86' lang='lat' dir='ltr'>J</span> <span class='ocrx_word' id='word_1_150' title='bbox 554 1597 635 1636; x_wconf 91' lang='lat' dir='ltr'>usti</span> <span class='ocrx_word' id='word_1_151' title='bbox 650 1606 692 1636; x_wconf 86' lang='lat' dir='ltr'>et</span> <span class='ocrx_word' id='word_1_152' title='bbox 707 1595 842 1650; x_wconf 86' lang='lat' dir='ltr'>parati</span> <span class='ocrx_word' id='word_1_153' title='bbox 859 1595 994 1649; x_wconf 87' lang='lat' dir='ltr'>operis</span> <span class='ocrx_word' id='word_1_154' title='bbox 1009 1595 1295 1649; x_wconf 82' lang='lat' dir='ltr'>praenuntia.”</span> <span class='ocrx_word' id='word_1_155' title='bbox 1347 1595 1572 1644; x_wconf 87' lang='lat' dir='ltr'>Bononiae,</span> <span class='ocrx_word' id='word_1_156' title='bbox 1594 1597 1712 1645; x_wconf 85' lang='lat'>1622,</span> 
     </span>
     <span class='ocr_line' id='line_1_21' title="bbox 329 1659 1712 1714; baseline 0 -13"><span class='ocrx_word' id='word_1_157' title='bbox 329 1665 409 1701; x_wconf 82' lang='lat' dir='ltr'>4to.</span> <span class='ocrx_word' id='word_1_158' title='bbox 462 1661 520 1701; x_wconf 91' lang='lat' dir='ltr'>Et</span> <span class='ocrx_word' id='word_1_159' title='bbox 535 1660 755 1714; x_wconf 89' lang='lat' dir='ltr'>separatim</span> <span class='ocrx_word' id='word_1_160' title='bbox 771 1673 1076 1712; x_wconf 89' lang='lat' dir='ltr'>nonnunquam</span> <span class='ocrx_word' id='word_1_161' title='bbox 1092 1665 1278 1699; x_wconf 84' lang='lat' dir='ltr'>veneunt</span> <span class='ocrx_word' id='word_1_162' title='bbox 1298 1659 1646 1714; x_wconf 85' lang='lat' dir='ltr'>Martyrologium</span> <span class='ocrx_word' id='word_1_163' title='bbox 1669 1667 1712 1701; x_wconf 86' lang='lat' dir='ltr'>et</span> 
     </span>
     <span class='ocr_line' id='line_1_22' title="bbox 328 1723 1710 1778; baseline 0.001 -14"><span class='ocrx_word' id='word_1_164' title='bbox 328 1724 664 1764; x_wconf 87' lang='lat' dir='ltr'>Nomenclatura.</span> <span class='ocrx_word' id='word_1_165' title='bbox 705 1730 726 1748; x_wconf 83' lang='lat'><strong><em>“</em></strong></span> <span class='ocrx_word' id='word_1_166' title='bbox 741 1723 1030 1776; x_wconf 91' lang='lat' dir='ltr'>Menologium</span> <span class='ocrx_word' id='word_1_167' title='bbox 1046 1724 1286 1770; x_wconf 80' lang='lat' dir='ltr'>Scotorum;</span> <span class='ocrx_word' id='word_1_168' title='bbox 1308 1723 1348 1763; x_wconf 91' lang='lat' dir='ltr'>in</span> <span class='ocrx_word' id='word_1_169' title='bbox 1367 1738 1451 1778; x_wconf 89' lang='lat' dir='ltr'>quo</span> <span class='ocrx_word' id='word_1_170' title='bbox 1467 1724 1610 1765; x_wconf 92' lang='lat' dir='ltr'>nullus</span> <span class='ocrx_word' id='word_1_171' title='bbox 1631 1725 1710 1765; x_wconf 90' lang='lat' dir='ltr'>nisi</span> 
     </span>
     <span class='ocr_line' id='line_1_23' title="bbox 328 1787 1713 1842; baseline 0.001 -14"><span class='ocrx_word' id='word_1_172' title='bbox 328 1789 471 1828; x_wconf 90' lang='lat' dir='ltr'>Scotus</span> <span class='ocrx_word' id='word_1_173' title='bbox 481 1794 605 1842; x_wconf 87' lang='lat' dir='ltr'>gente</span> <span class='ocrx_word' id='word_1_174' title='bbox 618 1794 692 1828; x_wconf 89' lang='lat' dir='ltr'>aut</span> <span class='ocrx_word' id='word_1_175' title='bbox 705 1787 1028 1834; x_wconf 87' lang='lat' dir='ltr'>conversatione,</span> <span class='ocrx_word' id='word_1_176' title='bbox 1038 1787 1153 1840; x_wconf 90' lang='lat' dir='ltr'>quod</span> <span class='ocrx_word' id='word_1_177' title='bbox 1166 1801 1217 1827; x_wconf 82' lang='lat' dir='ltr'>ex</span> <span class='ocrx_word' id='word_1_178' title='bbox 1230 1788 1418 1827; x_wconf 90' lang='lat' dir='ltr'>omnium</span> <span class='ocrx_word' id='word_1_179' title='bbox 1427 1789 1618 1842; x_wconf 88' lang='lat' dir='ltr'>gentium</span> <span class='ocrx_word' id='word_1_180' title='bbox 1625 1803 1713 1829; x_wconf 84' lang='lat' dir='ltr'>mo-</span> 
     </span>
     <span class='ocr_line' id='line_1_24' title="bbox 331 1850 1715 1906; baseline 0.001 -14"><span class='ocrx_word' id='word_1_181' title='bbox 331 1852 537 1900; x_wconf 88' lang='lat' dir='ltr'>nimentis,</span> <span class='ocrx_word' id='word_1_182' title='bbox 553 1853 622 1906; x_wconf 90' lang='lat' dir='ltr'>pio</span> <span class='ocrx_word' id='word_1_183' title='bbox 638 1852 777 1892; x_wconf 89' lang='lat' dir='ltr'>studio</span> <span class='ocrx_word' id='word_1_184' title='bbox 793 1851 873 1891; x_wconf 88' lang='lat' dir='ltr'>Dei</span> <span class='ocrx_word' id='word_1_185' title='bbox 889 1850 1070 1898; x_wconf 87' lang='lat' dir='ltr'>Gloriae,</span> <span class='ocrx_word' id='word_1_186' title='bbox 1091 1851 1337 1891; x_wconf 88' lang='lat' dir='ltr'>Sanctorum</span> <span class='ocrx_word' id='word_1_187' title='bbox 1355 1851 1530 1900; x_wconf 91' lang='lat' dir='ltr'>Honori,</span> <span class='ocrx_word' id='word_1_188' title='bbox 1548 1853 1715 1894; x_wconf 88' lang='lat' dir='ltr'>Patriae</span> 
     </span>
     <span class='ocr_line' id='line_1_25' title="bbox 331 1914 1712 1972; baseline 0.001 -16"><span class='ocrx_word' id='word_1_189' title='bbox 331 1917 596 1964; x_wconf 88' lang='lat' dir='ltr'>Ornamento,</span> <span class='ocrx_word' id='word_1_190' title='bbox 617 1916 784 1969; x_wconf 89' lang='lat' dir='ltr'>colligit,</span> <span class='ocrx_word' id='word_1_191' title='bbox 800 1914 997 1969; x_wconf 86' lang='lat' dir='ltr'>publicat,</span> <span class='ocrx_word' id='word_1_192' title='bbox 1019 1921 1062 1955; x_wconf 90' lang='lat' dir='ltr'>et</span> <span class='ocrx_word' id='word_1_193' title='bbox 1082 1915 1271 1955; x_wconf 85' lang='lat' dir='ltr'>inscribit</span> <span class='ocrx_word' id='word_1_194' title='bbox 1292 1915 1497 1957; x_wconf 87' lang='lat' dir='ltr'>illustriss.</span> <span class='ocrx_word' id='word_1_195' title='bbox 1515 1917 1712 1972; x_wconf 90' lang='lat' dir='ltr'>Principi,</span> 
     </span>
     <span class='ocr_line' id='line_1_26' title="bbox 331 1979 1712 2033; baseline 0.001 -13"><span class='ocrx_word' id='word_1_196' title='bbox 331 1980 588 2020; x_wconf 86' lang='lat' dir='ltr'>Moecaenati</span> <span class='ocrx_word' id='word_1_197' title='bbox 601 1995 686 2027; x_wconf 90' lang='lat' dir='ltr'>suo,</span> <span class='ocrx_word' id='word_1_198' title='bbox 702 1980 753 2020; x_wconf 92' lang='lat' dir='ltr'>D.</span> <span class='ocrx_word' id='word_1_199' title='bbox 768 1979 976 2033; x_wconf 87' lang='lat' dir='ltr'>Maphaeo</span> <span class='ocrx_word' id='word_1_200' title='bbox 992 1980 1028 2019; x_wconf 89' lang='lat' dir='ltr'>S.</span> <span class='ocrx_word' id='word_1_201' title='bbox 1045 1979 1095 2019; x_wconf 86' lang='lat' dir='ltr'>R.</span> <span class='ocrx_word' id='word_1_202' title='bbox 1113 1979 1162 2019; x_wconf 94' lang='lat' dir='ltr'>E.</span> <span class='ocrx_word' id='word_1_203' title='bbox 1179 1979 1300 2020; x_wconf 88' lang='lat' dir='ltr'>Card.</span> <span class='ocrx_word' id='word_1_204' title='bbox 1317 1980 1556 2029; x_wconf 86' lang='lat' dir='ltr'>BarberinO,</span> <span class='ocrx_word' id='word_1_205' title='bbox 1573 1982 1712 2022; x_wconf 90' lang='lat' dir='ltr'>Scoto-</span> 
     </span>
     <span class='ocr_line' id='line_1_27' title="bbox 332 2042 1712 2097; baseline 0.002 -15"><span class='ocrx_word' id='word_1_206' title='bbox 332 2057 424 2083; x_wconf 92' lang='lat' dir='ltr'>rum</span> <span class='ocrx_word' id='word_1_207' title='bbox 447 2045 687 2084; x_wconf 89' lang='lat' dir='ltr'>Protectori.</span> <span class='ocrx_word' id='word_1_208' title='bbox 740 2044 856 2097; x_wconf 88' lang='lat' dir='ltr'>Opus</span> <span class='ocrx_word' id='word_1_209' title='bbox 873 2042 1168 2083; x_wconf 88' lang='lat' dir='ltr'>ecclesiasticae</span> <span class='ocrx_word' id='word_1_210' title='bbox 1182 2043 1438 2084; x_wconf 88' lang='lat' dir='ltr'>hierarchiae</span> <span class='ocrx_word' id='word_1_211' title='bbox 1454 2059 1500 2085; x_wconf 90' lang='lat' dir='ltr'>ac</span> <span class='ocrx_word' id='word_1_212' title='bbox 1514 2046 1712 2085; x_wconf 89' lang='lat' dir='ltr'>monasti-</span> 
     </span>
     <span class='ocr_line' id='line_1_28' title="bbox 335 2107 1713 2162; baseline 0.003 -16"><span class='ocrx_word' id='word_1_213' title='bbox 335 2120 403 2147; x_wconf 88' lang='lat' dir='ltr'>cae</span> <span class='ocrx_word' id='word_1_214' title='bbox 416 2108 523 2148; x_wconf 87' lang='lat' dir='ltr'>vitae</span> <span class='ocrx_word' id='word_1_215' title='bbox 536 2108 731 2162; x_wconf 84' lang='lat' dir='ltr'>dignitati</span> <span class='ocrx_word' id='word_1_216' title='bbox 748 2108 971 2160; x_wconf 86' lang='lat' dir='ltr'>augendae,</span> <span class='ocrx_word' id='word_1_217' title='bbox 988 2107 1145 2147; x_wconf 88' lang='lat' dir='ltr'>haeresi</span> <span class='ocrx_word' id='word_1_218' title='bbox 1162 2108 1205 2147; x_wconf 93' lang='lat' dir='ltr'>in</span> <span class='ocrx_word' id='word_1_219' title='bbox 1219 2108 1354 2148; x_wconf 89' lang='lat' dir='ltr'>Scotia</span> <span class='ocrx_word' id='word_1_220' title='bbox 1368 2109 1525 2162; x_wconf 86' lang='lat' dir='ltr'>vigenti</span> <span class='ocrx_word' id='word_1_221' title='bbox 1540 2110 1713 2150; x_wconf 89' lang='lat' dir='ltr'>confun-</span> 
     </span>
     <span class='ocr_line' id='line_1_29' title="bbox 333 2170 1711 2225; baseline 0.003 -15"><span class='ocrx_word' id='word_1_222' title='bbox 333 2171 502 2218; x_wconf 89' lang='lat' dir='ltr'>dendae,</span> <span class='ocrx_word' id='word_1_223' title='bbox 529 2185 696 2225; x_wconf 91' lang='lat' dir='ltr'>operose</span> <span class='ocrx_word' id='word_1_224' title='bbox 723 2170 865 2211; x_wconf 88' lang='lat' dir='ltr'>utile.&#39;&#39;</span> <span class='ocrx_word' id='word_1_225' title='bbox 924 2171 1149 2219; x_wconf 88' lang='lat' dir='ltr'>Bononiae,</span> <span class='ocrx_word' id='word_1_226' title='bbox 1166 2172 1290 2220; x_wconf 87' lang='lat'>1622,</span> <span class='ocrx_word' id='word_1_227' title='bbox 1312 2177 1394 2213; x_wconf 84' lang='lat' dir='ltr'>4to.</span> <span class='ocrx_word' id='word_1_228' title='bbox 1455 2179 1475 2197; x_wconf 91' lang='lat'>“</span> <span class='ocrx_word' id='word_1_229' title='bbox 1495 2174 1711 2214; x_wconf 89' lang='lat' dir='ltr'>Scotorum</span> 
     </span>
     <span class='ocr_line' id='line_1_30' title="bbox 332 2234 1711 2288; baseline 0.004 -15"><span class='ocrx_word' id='word_1_230' title='bbox 332 2234 585 2287; x_wconf 87' lang='lat' dir='ltr'>Scriptorum</span> <span class='ocrx_word' id='word_1_231' title='bbox 606 2234 941 2282; x_wconf 86' lang='lat' dir='ltr'>Nomenclatura,</span> <span class='ocrx_word' id='word_1_232' title='bbox 958 2242 1156 2288; x_wconf 88' lang='lat' dir='ltr'>quartum</span> <span class='ocrx_word' id='word_1_233' title='bbox 1173 2242 1304 2276; x_wconf 88' lang='lat' dir='ltr'>aucta.</span> <span class='ocrx_word' id='word_1_234' title='bbox 1344 2236 1482 2277; x_wconf 87' lang='lat' dir='ltr'>Sancti</span> <span class='ocrx_word' id='word_1_235' title='bbox 1500 2252 1711 2278; x_wconf 79' lang='lat' dir='ltr'><strong>DCLxxlx.</strong></span> 
     </span>
     <span class='ocr_line' id='line_1_31' title="bbox 334 2296 1713 2351; baseline 0.004 -15"><span class='ocrx_word' id='word_1_236' title='bbox 334 2296 453 2336; x_wconf 87' lang='lat' dir='ltr'>Beati</span> <span class='ocrx_word' id='word_1_237' title='bbox 482 2312 633 2338; x_wconf 80' lang='lat' dir='ltr'><strong>Lxxxl.</strong></span> <span class='ocrx_word' id='word_1_238' title='bbox 660 2299 795 2351; x_wconf 88' lang='lat' dir='ltr'>Papae</span> <span class='ocrx_word' id='word_1_239' title='bbox 815 2313 851 2338; x_wconf 90' lang='lat' dir='ltr'>v.</span> <span class='ocrx_word' id='word_1_240' title='bbox 877 2298 1118 2339; x_wconf 89' lang='lat' dir='ltr'>Cardinales</span> <span class='ocrx_word' id='word_1_241' title='bbox 1145 2314 1232 2340; x_wconf 81' lang='lat' dir='ltr'><strong>xlv.</strong></span> <span class='ocrx_word' id='word_1_242' title='bbox 1258 2300 1523 2342; x_wconf 86' lang='lat' dir='ltr'>Patriarchae</span> <span class='ocrx_word' id='word_1_243' title='bbox 1545 2317 1602 2342; x_wconf 78' lang='lat' dir='ltr'>lv.</span> <span class='ocrx_word' id='word_1_244' title='bbox 1630 2302 1713 2342; x_wconf 84' lang='lat' dir='ltr'>Re-</span> 
     </span>
     <span class='ocr_line' id='line_1_32' title="bbox 334 2361 1711 2417; baseline 0.005 -18"><span class='ocrx_word' id='word_1_245' title='bbox 334 2374 404 2413; x_wconf 86' lang='lat' dir='ltr'>ges</span> <span class='ocrx_word' id='word_1_246' title='bbox 442 2368 515 2401; x_wconf 89' lang='lat' dir='ltr'>aut</span> <span class='ocrx_word' id='word_1_247' title='bbox 553 2362 717 2414; x_wconf 87' lang='lat' dir='ltr'>Regum</span> <span class='ocrx_word' id='word_1_248' title='bbox 755 2361 874 2402; x_wconf 86' lang='lat' dir='ltr'>liberi</span> <span class='ocrx_word' id='word_1_249' title='bbox 914 2377 1071 2403; x_wconf 75' lang='lat' dir='ltr'><strong>XLvul.</strong></span> <span class='ocrx_word' id='word_1_250' title='bbox 1111 2363 1301 2417; x_wconf 89' lang='lat' dir='ltr'>Apostoli</span> <span class='ocrx_word' id='word_1_251' title='bbox 1342 2365 1544 2405; x_wconf 87' lang='lat' dir='ltr'>Gentium</span> <span class='ocrx_word' id='word_1_252' title='bbox 1581 2380 1711 2406; x_wconf 75' lang='lat' dir='ltr'><strong>Lxux.</strong></span> 
     </span>
     <span class='ocr_line' id='line_1_33' title="bbox 333 2423 1712 2483; baseline 0.005 -20"><span class='ocrx_word' id='word_1_253' title='bbox 333 2423 682 2465; x_wconf 87' lang='lat' dir='ltr'>Monasteriorum</span> <span class='ocrx_word' id='word_1_254' title='bbox 703 2432 820 2466; x_wconf 87' lang='lat' dir='ltr'>extra</span> <span class='ocrx_word' id='word_1_255' title='bbox 839 2426 1017 2466; x_wconf 87' lang='lat' dir='ltr'>Scotiam</span> <span class='ocrx_word' id='word_1_256' title='bbox 1040 2427 1311 2477; x_wconf 86' lang='lat' dir='ltr'>Fundatores,</span> <span class='ocrx_word' id='word_1_257' title='bbox 1332 2429 1653 2483; x_wconf 86' lang='lat' dir='ltr'>Archiepiscopi,</span> <span class='ocrx_word' id='word_1_258' title='bbox 1670 2437 1712 2470; x_wconf 89' lang='lat' dir='ltr'>et</span> 
     </span>
    </p>
   </div>
  </div>
 </body>
</html>
