2044 2992
672 341 847 375 GENTIS
871 340 1148 379 SCOTORUM‚
1173 340 1262 374 LIB.
1289 340 1315 372 Ι.
1670 343 1690 372 3

301 437 471 477 cellarius,
490 441 525 471 et
542 436 646 471 Ebbo
663 435 780 480 patria
796 435 1006 475 Germanus,
1027 434 1243 469 Hincmarus
1260 438 1341 479 post
1356 426 1461 468 hunc.
1514 433 1582 468 Sed
1600 434 1685 468 haec

301 495 419 528 fatalis
441 505 541 528 carae
562 504 659 527 meae
681 492 818 526 Scotiae
839 491 1022 525 calamitas.
1046 495 1110 531 est,
1138 492 1233 526 viros
1257 502 1405 538 magnos
1431 496 1492 525 aut
1518 492 1597 525 aliis
1626 492 1686 525 do-

301 551 389 591 nari,
408 556 471 585 aut
488 549 669 594 vilipendi,
687 549 911 592 minoresque
929 559 1013 582 vero
1030 548 1164 581 haberi.
1216 548 1292 583 Nec
1315 549 1486 594 injuriam
1510 549 1687 582 sanctissi-

301 620 379 643 mae
403 619 499 642 meae
523 607 658 651 patriae
681 605 726 639 ab
750 605 946 639 Hincmaro
969 605 1103 638 illatam
1128 615 1268 648 queror,
1291 606 1353 650 qui
1377 605 1445 650 ipsi
1469 604 1505 639 S.
1524 605 1570 639 R.
1588 604 1635 639 E.
1654 611 1689 639 et

301 665 512 710 apostolicae
540 663 616 697 sedi
645 663 799 708 injurius
829 661 910 696 fuit.
962 661 1075 695 Porro
1105 662 1149 695 de
1175 667 1297 696 nostro
1323 663 1506 696 adeundus
1532 662 1688 697 Joanues

302 721 534 761 Trithemius,
551 720 612 755 lib.
633 728 694 754 111.
712 720 755 753 de
772 718 850 753 Vir.
869 719 998 753 illustr.
1018 718 1106 753 Ord.
1125 718 1161 752 S.
1181 718 1377 759 Benedicti,
1395 729 1470 763 cap.
1490 727 1687 753 ccxcvm.

301 784 335 813 et
352 778 413 812 lib.
434 787 487 811 Ν.
505 788 581 822 cap.
601 785 746 811 cxv111.
797 776 981 810 Recolitur
998 787 1097 811 sacra
1119 776 1197 822 ejus
1220 776 1392 810 memoria
1415 776 1471 810 die
1490 785 1527 810 V.
1546 775 1691 822 Augus·

301 837 340 870 ti.
368 835 565 875 Usuardus,
584 834 796 874 Galesinius,
815 832 997 868 Arnoldus
1022 833 1142 868 Uvion
1166 833 1245 868 libr.
1273 842 1333 867 111.
1357 832 1464 879 Ligu.
1483 833 1589 868 Vitae
1607 845 1688 879 pag.

302 901 472 926 ccmnn.
490 892 553 937 qui
571 902 691 926 omnes
709 902 774 936 pro
796 891 971 936 dignitate
995 891 1031 925 S.
1049 891 1142 925 Abel
1165 895 1289 925 contra
1310 891 1496 930 invidiam,
1521 895 1557 925 et
1580 890 1691 924 Hinc-

302 950 392 983 mari
410 949 641 983 contumelias
660 949 812 982 viriliter
829 952 937 988 stant,
955 952 991 982 et
1008 948 1261 993 archiepiscopi
1280 959 1361 982 eum
1379 948 1486 982 titulo
1503 947 1690 987 honorant,

304 1017 454 1050 quorum
479 1006 672 1040 auctoritas
695 1005 789 1049 apud
813 1016 880 1045 me,
907 1009 949 1038 ut
974 1016 1049 1039 esse
1074 1006 1188 1044 debet,
1209 1005 1291 1051 jure
1309 1005 1436 1039 merito
1453 1005 1609 1038 maxima
1626 1010 1689 1038 est.

304 1063 388 1097 Non
405 1063 519 1107 placet
536 1067 656 1097 tamen
675 1062 826 1096 Uvionis
845 1063 1031 1102 sententia,
1049 1063 1110 1107 qui
1128 1062 1166 1095 in
1184 1062 1379 1096 Rhemensi
1403 1062 1589 1106 metropoli
1614 1063 1691 1096 vult

304 1121 484 1154 titularem
514 1119 816 1163 archiepiscopum
849 1120 894 1152 ad
922 1119 1118 1153 infidelium
1149 1119 1415 1153 conversionem
1446 1118 1567 1158 fuisse,
1597 1119 1691 1163 quod

305 1188 486 1220 nunquam
505 1176 653 1210 dixisset
670 1176 700 1210 si
720 1177 776 1209 vel
793 1175 1006 1221 Catalogum
1024 1177 1173 1210 citatum
1191 1177 1248 1209 vel
1271 1175 1463 1210 Flodoardi
1488 1175 1692 1220 Presbyteri

307 1232 504 1266 Historiam
522 1233 676 1277 legisset.
727 1232 900 1277 Adjungo
923 1232 979 1265 his
1004 1233 1256 1266 succedaneum
1281 1232 1431 1267 Joannis
1454 1232 1591 1267 Molani
1614 1244 1693 1278 gra-

305 1289 491 1323 vissimum
510 1289 549 1322 in
571 1288 761 1323 Natalibus
785 1288 995 1322 Sanctorum
1018 1288 1135 1335 Belgii
1159 1290 1415 1329 testimonium,
1439 1290 1501 1334 qui
1524 1289 1694 1333 archiepi-

304 1356 449 1390 scopum
468 1344 705 1379 Rhemensem
723 1345 881 1391 legitime
898 1356 920 1378 a
936 1345 1161 1389 pontificibus
1178 1346 1328 1379 summis
1346 1347 1496 1380 electum
1513 1351 1548 1381 et
1571 1347 1693 1381 confir-

305 1407 439 1437 matum
458 1401 554 1435 facit.
607 1401 701 1436 Acta
718 1402 796 1447 eJus
813 1402 858 1435 ad
876 1412 932 1435 me
949 1412 1020 1436 non
1038 1407 1284 1447 pervenerunt.
1335 1403 1484 1448 Scripsit

452 1460 635 1505 Epistolas
654 1461 699 1494 ad
717 1460 927 1494 Zachariam
945 1463 981 1493 et
997 1459 1212 1500 Adrianum,

453 1517 642 1551 Pontifices
661 1517 856 1557 Romanos,
1196 1517 1257 1551 lib.
1278 1526 1303 1550 1.

451 1574 511 1608 Ad
529 1574 767 1608 Rhemensem
786 1573 981 1608 Ecclesiam
1192 1574 1254 1608 lib.
1275 1583 1300 1607 1.

450 1631 512 1666 Ad
531 1630 758 1664 Bonifacium
776 1630 950 1676 Legatum
1197 1631 1258 1665 lib.
1279 1640 1304 1665 Ι.

453 1688 514 1722 Ad
531 1687 724 1721 Lobienses
743 1687 889 1721 Fratres
1197 1689 1258 1723 lib.
1279 1698 1303 1722 1.

453 1745 513 1779 Ad
530 1755 645 1788 nuper
662 1755 849 1778 conversos
1197 1746 1257 1779 lib.
1279 1755 1302 1779 1.

454 1802 509 1836 De
528 1801 713 1846 Mysteriis
732 1801 835 1834 Fidei
1197 1802 1258 1836 lib.
1279 1811 1304 1836 1.

356 1860 474 1894 Scotia
491 1870 571 1893 cum
590 1858 626 1892 S.
645 1857 831 1892 Bonifacio
847 1859 1008 1900 excessit,
1030 1863 1066 1893 et
1084 1859 1290 1904 aliquandiu
1308 1859 1360 1893 illi
1377 1860 1415 1894 in
1438 1862 1697 1905 praedicatione

307 1917 476 1956 adhaesit,
503 1916 563 1950 sed
589 1915 656 1949 sub
681 1926 816 1949 annum
843 1923 1028 1950 Dcean.
1054 1927 1135 1950 cum
1161 1916 1305 1951 obiisset
1330 1916 1448 1952 Sanct.
1469 1918 1695 1965 Rigobertus,

310 1982 506 2012 Dccxmx.
533 1984 587 2006 an.
613 1971 650 2006 S.
676 1972 769 2006 Abel
795 1972 827 2006 ei
854 1983 1033 2007 successor
1057 1974 1175 2013 datus,
1201 1973 1268 2008 sub
1297 1985 1431 2008 annum
1462 1986 1546 2010 vero
1578 1984 1694 2011 Dect..

308 2031 422 2064 factus
454 2035 506 2064 est
537 2029 645 2063 abbas
676 2028 899 2069 Laubiensis‚
930 2031 985 2064 vel
1020 2030 1219 2072 Lobiensis,
1256 2042 1349 2066 anno
1384 2041 1581 2067 DCCLVIH.
1616 2034 1697 2068 sede

309 2099 373 2121 sua
391 2088 558 2132 depulsus
576 2091 652 2121 est:
679 2086 830 2131 denique
848 2088 1107 2122 sanctissimam
1125 2093 1275 2123 mortem
1295 2090 1394 2130 obiit,
1417 2091 1581 2136 diemque
1598 2096 1696 2126 nata-

311 2146 378 2178 lem
397 2144 523 2178 habuit
541 2154 634 2178 anno
653 2152 847 2178 DCCLXIV.
867 2144 923 2178 die
941 2153 978 2178 V.
996 2144 1166 2191 Augusti,
1184 2151 1226 2180 ut
1244 2148 1464 2192 praemonui,

851 2258 888 2293 S.
914 2258 1076 2294 ADAM.
1129 2264 1162 2294 2.

313 2374 348 2407 S.
376 2373 518 2414 ADAM,
545 2385 567 2408 a
591 2373 774 2418 provincia
802 2385 909 2419 quam
941 2375 1124 2420 episcopus
1154 2376 1248 2411 rexit
1277 2376 1510 2413 Cathenesius
1541 2385 1697 2419 vocatus,

311 2431 418 2466 abbas
461 2431 715 2471 Mailrosensis,
756 2431 884 2466 deinde
926 2433 1122 2477 episcopus,
1164 2433 1347 2469 Arnoldus
1395 2435 1515 2471 Uvion
1553 2437 1613 2471 lib.
1655 2447 1697 2471 11.
