2032 2912
362 310 425 341 268
747 308 978 341 HISTORIA
1002 309 1375 341 ECCLESIASTICA

367 405 558 439 meutarios
577 404 687 438 edidit
706 402 884 438 Pictorius
902 403 1146 450 Villingensis‚
1174 404 1235 448 qui
1261 404 1472 449 prodierunt
1497 403 1663 438 Lutetiae
1690 404 1757 438 sub

367 473 499 496 aunum
521 470 706 496 MDXXXI.
725 460 785 495 sed
805 460 897 495 falso
915 461 1059 496 Gallum
1076 461 1172 496 facit.

842 576 1048 611 EVENUS
1075 577 1143 612 ΙΙΙ.
1196 581 1278 616 497.

368 692 537 726 EVENUS
568 692 636 727 III.
672 705 746 734 rex,
779 692 890 727 Ederi
921 693 963 727 F.
999 692 1085 728 Gilli
1120 694 1168 728 N.
1203 695 1483 729 decimussextus
1519 706 1539 728 a
1574 695 1755 729 conditore

366 749 551 796 Fergusio,
589 751 752 796 princeps
782 751 918 786 belluae
948 763 1056 796 quam
1088 752 1225 786 homini
1256 752 1418 786 similior.
1481 752 1688 798 Flagitiosis
1718 753 1756 785 in

366 809 536 842 scelerum
562 809 766 843 societatem
792 810 911 854 palam
937 810 1068 850 ascitis,
1093 811 1136 844 de
1160 810 1346 844 nobilitate
1370 810 1527 844 tollenda
1551 821 1624 844 non
1649 811 1757 843 semel

365 866 557 912 cogitavit3
586 868 729 902 tandem
747 868 785 902 in
803 878 977 902 carcerem
995 868 1186 914 conjectus,
1213 880 1234 902 a
1251 868 1326 902 suis
1352 873 1406 902 est
1431 872 1588 902 necatus.
1641 867 1758 911 Scrip-

366 923 413 957 sit

513 982 628 1029 Leges
646 983 894 1028 spurcissimas
911 983 972 1018 lib.
993 993 1018 1018 1.
1037 995 1189 1028 quarum
1208 984 1325 1028 capita
1342 983 1428 1017 haec
1443 993 1452 1017 z

516 1050 540 1074 1.
567 1041 620 1075 Ut
637 1046 691 1076 tot
708 1053 837 1076 uxores
856 1041 914 1075 vir
930 1042 1075 1076 duceret
1092 1047 1180 1086 quot
1197 1041 1380 1076 commode
1398 1042 1491 1075 alere
1509 1046 1639 1085 posset.

514 1107 556 1132 11.
585 1098 637 1133 Ut
667 1099 804 1135 nobiles
838 1099 1039 1134 villicorum
1074 1100 1313 1144 clientumque
1350 1097 1504 1133 filiarum
1537 1099 1758 1145 virginitatis

561 1157 740 1201 primitias
758 1157 876 1202 prima
893 1157 1100 1201 nuptiarum
1119 1163 1222 1192 nocte
1240 1157 1448 1191 delibarent.

364 1214 461 1252 Quas
487 1214 615 1259 impias
641 1217 736 1261 leges
766 1227 897 1262 magno
924 1227 1098 1250 consensu
1129 1216 1296 1250 nobilitas
1325 1219 1379 1249 est
1402 1215 1614 1259 amplexata,
1639 1219 1680 1248 ut
1704 1219 1758 1248 est

364 1271 560 1306 aulicorum
578 1273 762 1320 ingenium
781 1273 819 1307 in
844 1273 935 1307 vitia
957 1274 1124 1318 proclive.
1179 1273 1281 1308 Hect.
1303 1272 1478 1307 Boethius
1496 1272 1557 1306 lib.
1578 1281 1638 1306 111.
1659 1271 1756 1306 Hist.

364 1329 458 1364 Scot.
477 1341 558 1377 pag.
579 1340 711 1366 XXXV.
765 1331 896 1366 Postea
924 1336 1042 1366 tamen
1068 1332 1232 1366 nonnihil
1257 1330 1509 1365 moderaminis
1536 1331 1695 1370 allatum,
1723 1335 1758 1364 et

364 1388 475 1421 veluti
501 1389 632 1423 sensim
659 1389 809 1424 foeditas
835 1389 986 1423 sublata.
1038 1388 1138 1424 Idem
1165 1390 1225 1424 lib.
1247 1398 1300 1423 IV.
1319 1400 1400 1434 pag.
1422 1397 1539 1422 LVIII.
1594 1388 1759 1433 Denique

364 1450 436 1478 tam
468 1445 727 1481 abominandus
751 1447 843 1481 ritus
869 1447 1013 1491 penitus
1039 1448 1247 1492 antiquatus
1274 1451 1310 1481 et
1336 1446 1528 1492 abrogatus
1555 1457 1577 1480 a
1602 1445 1638 1480 S.
1666 1445 1758 1479 Mal-

363 1505 476 1539 colmo
494 1516 587 1551 rege,
606 1512 736 1552 rogatu
753 1506 789 1541 S.
811 1507 1037 1553 Margaretae
1055 1506 1220 1552 reginae3
1248 1510 1289 1539 ut
1308 1509 1428 1539 tamen
1447 1515 1601 1538 marcam
1617 1504 1756 1549 argenti

364 1573 514 1606 sponsus
541 1564 586 1597 ad
611 1565 852 1599 redimendam
881 1575 966 1598 suae
992 1568 1125 1609 nuptae
1155 1563 1365 1608 pudicitiam
1397 1562 1523 1596 offerre
1552 1566 1756 1600 teneretur;

365 1621 459 1663 quod
477 1620 674 1656 etiamnum
694 1623 801 1656 hodie
819 1622 969 1656 sollicite
987 1634 1008 1656 a
1025 1622 1230 1666 proceribus
1250 1621 1490 1656 observatum.

412 1677 624 1713 Exstinctus
651 1685 705 1714 est
731 1691 825 1714 anno
859 1689 929 1713 vn.
963 1680 1065 1726 regni
1089 1680 1157 1720 sui,
1190 1691 1285 1713 anno
1311 1689 1396 1712 vero
1422 1682 1504 1712 ante
1531 1677 1755 1712 salutiferum

365 1741 505 1779 partum
527 1745 595 1771 XV.
643 1738 754 1772 Plura
772 1738 810 1771 in
828 1737 934 1772 rebus
954 1737 1112 1771 Scoticis.

621 1852 921 1888 GULIELMUS
949 1851 1357 1887 ELPHINSTONUS.
1411 1853 1493 1889 498.

363 1969 612 2004 GULIELMUS
631 1969 906 2014 Elphinstonus,
929 1970 1152 2004 nobilissima
1174 1967 1312 2003 familia
1335 1968 1520 2007 oriundus,
1549 1973 1570 1987 “
1588 1979 1659 2012 quo
1686 1979 1757 2001 me-

363 2027 517 2068 liorem,”
544 2028 594 2062 ait
614 2028 663 2062 H.
683 2028 858 2062 Boethius
875 2028 937 2062 lib.
958 2037 1016 2062 IX.
1046 2027 1184 2062 Histor.
1213 2026 1305 2060 Scot.
1333 2037 1415 2071 pag.
1443 2034 1591 2060 CCXLV.
1620 2031 1641 2045 “
1659 2030 1756 2060 aetas

363 2090 484 2119 nostra
495 2097 566 2120 non
580 2086 682 2120 vidit.
710 2085 893 2120 Audacter
905 2096 1106 2121 asseverare
1118 2084 1262 2124 aude0‚’'
1273 2084 1392 2130 pergit
1404 2084 1535 2118 ibidem
1547 2084 1613 2118 loci
1627 2083 1756 2117 Boeth-

363 2142 430 2182 ius,
450 2147 470 2162 “
484 2154 576 2184 eum,
591 2148 626 2178 et
639 2144 822 2188 publicum
840 2148 875 2178 et
894 2145 1077 2189 privatum
1090 2142 1231 2188 magnis
1245 2153 1386 2176 summa
1403 2142 1507 2176 laude
1522 2146 1704 2176 versatum
1719 2142 1756 2175 in

362 2200 477 2239 rebus,
491 2200 651 2244 publicae
669 2213 808 2246 semper
825 2202 1044 2236 consuluisse
1061 2202 1168 2235 saluti
1183 2211 1191 2241 ;
1218 2201 1262 2234 ad
1281 2200 1317 2233 id
1335 2211 1475 2234 summa
1494 2200 1660 2234 annisum
1678 2210 1755 2244 ope,

364 2261 403 2290 ut
435 2268 597 2302 aequum,
625 2260 730 2305 leges,
755 2260 926 2305 justaque
952 2259 1122 2304 principis
1149 2258 1349 2293 authoritas
1381 2258 1653 2292 dominarentur
1678 2268 1757 2301 per-

364 2318 504 2355 sancte3
532 2315 768 2360 imperaretur
785 2317 921 2351 cunctis
940 2317 1186 2351 benevolentia
1204 2315 1319 2362 magis
1337 2327 1445 2360 quam
1464 2320 1573 2356 metu,
1602 2326 1755 2359 veroque

363 2372 472 2405 animi
490 2372 619 2407 affectu
636 2376 790 2418 populus
808 2379 1040 2409 veneraretur
1057 2385 1188 2420 regem,
1207 2374 1305 2419 plebs
1324 2373 1503 2408 nobilitati
1522 2373 1654 2417 absque
1672 2383 1756 2416 que-

361 2430 443 2470 rela,
472 2431 638 2476 omnique
665 2432 782 2466 levata
807 2432 941 2479 injuria
968 2432 1115 2467 audiens
1143 2437 1245 2472 esset,
1272 2435 1307 2466 et
1333 2431 1536 2478 morigera3
1564 2441 1627 2465 rex
1658 2428 1757 2475 flagi-
