2032 2912
693 352 869 385 GENTIS
894 352 1171 391 SCOTORUM,
1196 352 1286 384 LIB.
1311 353 1375 384 ΙΙΙ.
1671 355 1733 386 137

336 446 462 486 Gallia,
481 447 607 481 aetatis
626 458 710 480 suae
728 458 822 480 anno
841 456 1017 481 LXXXIV.
1036 447 1161 481 salutis
1190 456 1389 482 DCCXXIV.
1442 447 1587 482 Scotum
1610 448 1731 482 inveni

337 504 375 538 in
394 504 558 538 Historia
574 505 691 549 patria
710 502 857 537 Henrici
876 503 1026 537 Sinclari
1045 503 1266 538 Glascoensis
1285 505 1551 549 archiepiscopi,
1576 506 1637 539 sed
1660 517 1732 539 non

338 561 525 607 suffragor,
545 562 607 606 qui
621 562 659 595 in
669 560 806 606 Anglia
822 565 942 594 ortum
960 561 1145 602 existim03
1165 566 1285 596 tamen
1303 563 1406 596 silere
1424 563 1519 607 quod
1532 563 1647 608 reperi
1662 574 1732 597 non

337 619 534 663 oportebat.

797 733 832 767 S.
861 732 1122 767 CIBTACUS.
1177 735 1260 768 235.

335 849 370 883 S.
390 848 606 888 CIBTACUS‚
631 849 706 883 sive
730 848 935 889 Cibthacus,
962 859 1056 882 unus
1085 860 1129 883 ex
1157 849 1228 883 illis
1258 849 1444 883 duodecim
1473 850 1661 884 comitibus
1685 851 1731 884 D.

336 906 540 946 Columbae,
560 906 621 951 qui
640 906 816 940 indefesso
834 906 953 940 labore
971 907 1144 951 populum
1169 907 1349 941 Scoticum
1374 907 1621 952 Picticumque
1643 909 1733 942 divi-

335 975 422 998 num
440 965 575 998 cultum
594 965 801 1004 docuerunt,
820 964 963 1008 quique,
982 975 1022 998 eo
1041 964 1079 998 in
1099 964 1311 998 Hiberniam
1330 965 1534 1011 navigante,
1554 966 1672 999 sedem
1696 966 1734 999 in

336 1021 425 1056 Iona
450 1022 568 1055 insula
591 1021 748 1055 fixerunt
771 1022 968 1055 multorum
994 1022 1250 1056 monachorum
1278 1027 1409 1067 patres,
1440 1034 1523 1056 nam
1551 1034 1665 1068 usque
1689 1025 1733 1058 ad

335 1091 412 1113 eam
431 1083 583 1113 aetatem
601 1080 719 1112 nullae
737 1079 992 1112 monachorum
1010 1080 1314 1125 congregationes,
1341 1081 1403 1114 sed
1427 1091 1559 1120 omnes,
1579 1081 1734 1115 eremiti-

335 1148 375 1171 co
392 1138 477 1177 ritu,
501 1137 540 1170 in
558 1137 653 1182 agris
673 1142 736 1171 aut
762 1137 890 1170 vicinis
917 1136 1065 1171 urbibus
1092 1138 1258 1182 villisque
1283 1138 1497 1178 habitantes,
1524 1138 1602 1172 Deo
1623 1139 1735 1173 inser-

336 1195 491 1229 viebant.
544 1194 689 1228 Primus
708 1194 752 1228 D.
772 1194 946 1228 Columba
963 1194 1131 1228 coenobia
1149 1195 1319 1235 instituit,
1338 1200 1374 1229 et
1391 1196 1533 1240 piorum
1546 1196 1733 1230 hominum

336 1253 511 1293 sodalitia,
539 1256 580 1286 ut
610 1252 662 1285 ita
686 1252 850 1291 dixerim,
875 1252 920 1285 ad
943 1252 1111 1295 pietatem
1136 1257 1295 1296 spectare
1322 1253 1505 1287 indicavit.
1532 1253 1581 1287 H.
1605 1253 1732 1288 Boeth.

336 1310 396 1344 lib.
413 1319 470 1344 IX.
485 1309 624 1343 Histor.
644 1309 738 1343 Scot.
758 1317 915 1342 CLXVII.
934 1308 1027 1342 Erat
1045 1313 1166 1343 autem
1184 1309 1378 1344 Cibthacus
1396 1322 1588 1356 germanus
1603 1310 1735 1345 Ether-

336 1367 433 1408 nani,
454 1371 489 1400 et
508 1377 617 1411 nepos
636 1378 681 1400 ex
698 1366 809 1400 fratre
827 1366 873 1399 D.
894 1365 1098 1400 Columbae.
1152 1365 1195 1399 In
1214 1366 1276 1400 SS.
1295 1368 1429 1401 relatus
1454 1379 1655 1408 numerum,
1674 1370 1734 1402 sed

337 1425 394 1459 die
406 1424 553 1458 incerto.
585 1423 737 1458 Arnold.
757 1423 889 1458 Uvion.
902 1423 963 1457 lib.
979 1432 1041 1457 111.
1056 1423 1166 1470 Ligni
1178 1422 1254 1459 Vit.
1273 1435 1355 1470 pag.
1376 1433 1507 1459 CDXII.
1526 1424 1550 1458 J
1552 1437 1629 1460 oan.
1650 1425 1735 1460 Les-

338 1484 436 1517 laeus
454 1482 515 1516 lib.
536 1491 589 1515 1v.
643 1481 793 1525 Scripsit

487 1539 542 1574 De
561 1538 760 1574 Gentilium
778 1538 975 1574 Erroribus
1231 1540 1292 1575 lib.
1313 1550 1338 1574 1.

487 1598 543 1632 De
562 1597 689 1632 Gratia
706 1596 774 1630 Dei
1232 1598 1292 1632 lib.
1313 1607 1338 1632 Ι.

485 1655 541 1689 De
561 1654 831 1689 Gubernatione
848 1654 916 1688 Dei
1232 1656 1293 1690 lib.
1314 1664 1340 1689 1.

488 1712 521 1746 E
550 1713 671 1746 istolas
1230 1713 1290 1747 lib.
1311 1722 1337 1747 Ι.

388 1724 548 1804 Floruitp
550 1769 646 1814 apud
663 1774 841 1804 nostrates
859 1770 977 1804 seculo
998 1770 1140 1814 piorum
1163 1774 1199 1804 et
1222 1771 1408 1804 doctorum
1434 1771 1620 1805 hominum
1644 1772 1734 1806 fera-

339 1829 491 1869 cissimo,
510 1827 577 1861 sub
594 1826 768 1861 Conuallo
786 1827 919 1861 scilicet
936 1838 1029 1873 rege,
1049 1832 1084 1861 et
1097 1827 1284 1862 Bonifacio
1298 1826 1362 1862 IV.
1381 1829 1557 1872 pontifice,
1582 1830 1644 1874 qui
1672 1841 1732 1863 an-

339 1897 406 1921 nus
424 1885 493 1920 fuit
512 1885 637 1919 salutis
655 1888 839 1930 reparatae
858 1893 921 1918 Dc.
968 1884 992 1917 J
994 1896 1073 1919 oan.
1092 1884 1260 1919 Leslaeus
1279 1885 1338 1919 lib.
1361 1894 1414 1919 IV.
1434 1897 1514 1933 pag.
1535 1896 1631 1921 CLII.

813 2058 848 2092 S.
876 2058 905 2092 C
910 2057 1120 2093 AROLUS.
1173 2059 1255 2094 236.

341 2175 376 2210 S.
411 2175 601 2209 CAROLUS
637 2174 682 2209 ad
718 2174 961 2219 episcopatum
997 2174 1267 2221 Corcagiensem
1308 2176 1346 2209 in
1389 2176 1563 2210 Hibernia
1603 2177 1733 2211 divini-

340 2239 398 2267 tus
428 2234 558 2267 electus
582 2232 739 2266 traditur
762 2244 784 2266 a
808 2232 842 2266 S.
863 2231 1047 2266 Bernardo
1071 2233 1108 2267 in
1127 2232 1213 2266 Vita
1237 2233 1272 2267 S.
1293 2233 1500 2274 Malachiae,
1525 2239 1560 2268 et
1580 2246 1636 2269 res
1659 2239 1735 2269 tota

341 2291 391 2325 sic
419 2302 455 2324 se
481 2290 599 2324 habet.
652 2289 801 2324 Carolus
825 2290 869 2323 ad
892 2289 1096 2325 invisendas
1120 2290 1154 2324 S.
1178 2290 1325 2325 Patricii
1348 2292 1516 2336 reliquias
1540 2292 1579 2325 in
1606 2291 1734 2326 Hiber-

341 2349 438 2382 niam
468 2359 505 2381 se
542 2348 751 2387 contulerat,
791 2352 826 2381 et
860 2347 927 2382 sub
958 2347 1051 2381 idem
1086 2349 1190 2392 plane
1225 2353 1366 2393 tempus
1400 2349 1535 2384 obierat
1570 2349 1735 2396 Corcagi-

342 2406 436 2440 ensis
464 2406 637 2446 antistes3
663 2409 700 2439 at
724 2406 849 2446 clerus,
876 2409 917 2439 ut
940 2405 972 2438 ei
996 2416 1231 2440 successorem
1259 2406 1471 2453 designaret,
1498 2408 1596 2442 varie
1619 2419 1736 2442 move-

342 2464 460 2504 batur,
495 2463 708 2508 quibusdam
751 2474 815 2498 suo
855 2463 1038 2498 commodo
1072 2463 1309 2504 studentibus,
1346 2464 1424 2499 aliis
1459 2466 1583 2499 mundi
1617 2466 1735 2510 potius

1025 2528 1050 2554 Τ
