2032 2912
399 455 900 510 HISTORIAE
943 457 1705 513 ECCLESIASTICAE

692 586 973 636 GENTIS
1011 586 1412 636 SCOTORUM

913 725 1097 765 LIBER
1128 726 1201 766 IV.

868 881 904 916 S.
932 881 1106 917 DAVID.
1159 882 1242 918 362.

357 997 392 1031 S.
412 997 616 1032 DAVIDEM
635 997 729 1031 hunc
747 997 1013 1043 Bangorensem
1033 997 1170 1032 faciunt
1194 999 1338 1032 annales
1363 998 1508 1045 Anglici
1533 999 1747 1043 episcopum,

359 1059 394 1088 et
418 1055 545 1088 Franc.
570 1054 734 1089 Godwin.
759 1055 820 1088 lib.
840 1056 883 1088 de
905 1055 1063 1089 Praesul.
1083 1054 1227 1101 Anglic.
1252 1066 1333 1101 pag.
1354 1065 1529 1090 DCXL111.
1555 1067 1636 1090 eum
1660 1057 1750 1089 male

359 1123 440 1146 cum
454 1113 566 1146 altero
580 1111 718 1146 Davide
732 1112 952 1146 confundens
966 1123 975 1153 ;
994 1123 1078 1148 nam
1095 1112 1154 1145 ille
1168 1113 1324 1147 discendi
1343 1114 1462 1147 studio
1480 1118 1581 1148 extra
1597 1114 1750 1158 patriam

358 1169 617 1214 peregrinatus,
646 1169 914 1213 Herbipolensis
940 1170 1138 1203 academiae
1161 1169 1294 1210 doctor,
1320 1171 1476 1205 Henrico
1494 1171 1539 1206 V.
1567 1171 1711 1205 Caesari
1730 1183 1750 1204 a

359 1227 479 1266 sacris,
497 1226 534 1259 in
554 1226 695 1260 Italiam
721 1226 911 1270 profectus,
936 1237 1008 1260 non
1026 1226 1168 1260 videtur
1192 1227 1230 1261 in
1247 1227 1419 1274 Angliam
1443 1229 1601 1268 rediisse,
1618 1234 1660 1262 ut
1677 1233 1750 1262 tam

358 1289 502 1317 tenuem
528 1283 770 1328 episcopatum
796 1285 999 1328 susciperet,
1026 1284 1180 1317 maxime
1210 1295 1291 1318 cum
1321 1285 1507 1319 Conradus
1538 1285 1749 1324 Lichtenau,

359 1351 423 1374 nec
449 1340 788 1380 Malmesburiensis,
815 1342 925 1375 ullam
952 1341 1087 1375 reditus
1114 1341 1191 1386 ejus
1217 1342 1255 1375 in
1281 1342 1509 1376 Britanniam
1534 1343 1750 1376 mentionem

358 1397 502 1432 faciant.
548 1397 698 1431 Henrici
716 1397 779 1432 IV.
799 1398 1024 1442 imperatoris
1042 1398 1184 1432 favebat
1202 1399 1374 1443 partibus.
1411 1399 1527 1433 Notae
1546 1399 1673 1433 Franc.
1688 1399 1710 1432 J
1715 1411 1754 1432 u-

360 1455 428 1489 reti
445 1456 490 1488 ad
509 1454 610 1488 Ivon.
630 1454 821 1489 Carnoten.
841 1456 943 1500 epist.
963 1465 1054 1490 CXC.
1076 1456 1138 1489 ubi
1156 1467 1238 1489 eum
1259 1456 1405 1490 Scotum
1428 1461 1541 1496 vocat,
1565 1462 1600 1490 et
1622 1457 1754 1500 episco—

358 1523 446 1556 pum
470 1512 768 1546 Bancornensem.
810 1512 940 1547 Postea
957 1512 1126 1547 acerrime
1143 1517 1263 1557 partes
1281 1513 1486 1557 pontificum
1508 1514 1659 1548 tuendas
1678 1525 1754 1548 sus-

360 1570 464 1614 cepit.
516 1569 610 1615 Ejus
628 1574 714 1604 sunt

507 1626 627 1660 Multa
652 1627 690 1660 in
716 1626 962 1674 Theologiam,
988 1639 1141 1672 quorum
1167 1628 1351 1672 quaedam,
1378 1633 1420 1662 ut
1446 1629 1562 1668 audio,
1589 1628 1692 1662 MSS.
1717 1630 1753 1662 in

558 1684 772 1718 bibliotheca
789 1683 939 1730 collegii
957 1685 1181 1718 Benedictini
1200 1690 1284 1719 sunt
1303 1685 1565 1730 Cantabrigiae.

410 1741 645 1775 Consecratus
663 1746 717 1775 est
734 1742 918 1786 episcopus
936 1753 1029 1775 anno
1048 1750 1180 1775 Mcxx.
1205 1753 1276 1786 quo
1299 1753 1392 1775 anno
1414 1742 1522 1775 etiam
1540 1743 1637 1786 prior
1654 1742 1752 1776 flore-

361 1798 433 1838 bat,
462 1798 501 1832 in
531 1799 650 1832 aulam
679 1798 827 1832 Henrici
858 1799 1083 1843 imperatoris
1109 1799 1307 1842 praefectus
1334 1810 1413 1833 cum
1442 1800 1593 1833 Matilda
1617 1799 1689 1833 filia
1716 1800 1750 1833 S.

364 1855 537 1890 Matildae
556 1855 692 1890 Scotae.
711 1855 841 1890 Guliel.
860 1856 1188 1890 Malmesburiensis
1206 1857 1266 1891 lib.
1283 1865 1318 1889 v.
1341 1861 1361 1875 ‘⁵
1379 1856 1497 1891 David
1515 1856 1640 1891 Scotus
1660 1857 1751 1891 Bau-

363 1913 541 1947 comensis
560 1913 775 1958 episcopus,”
794 1912 858 1948 &c.

870 2028 906 2063 S.
934 2028 1107 2064 DAVID.
1159 2028 1242 2063 363.

364 2145 399 2178 S.
431 2143 582 2183 DAVID,
614 2144 705 2178 alius
737 2144 849 2188 priori
880 2145 984 2190 longe
1019 2145 1211 2189 antiquior,
1242 2145 1426 2190 episcopus
1458 2146 1527 2180 fuit
1563 2146 1754 2181 Meneven-

364 2203 412 2235 sis
439 2202 476 2235 in
501 2200 646 2247 Anglia,
671 2213 711 2235 ac
734 2201 936 2236 Wallorum
960 2203 1151 2246 apostolus,
1178 2203 1279 2248 cujus
1306 2204 1501 2237 etiamnum
1528 2204 1632 2238 hodie
1659 2216 1756 2238 sum-

364 2270 423 2292 ma
440 2264 494 2293 est
516 2259 697 2292 veneratio
717 2259 812 2303 apud
830 2270 906 2293 eam
930 2264 1083 2305 gentem.
1135 2259 1285 2294 Ineunte
1303 2265 1417 2295 aetate
1435 2262 1574 2295 audivit
1593 2261 1655 2295 SS.
1676 2261 1755 2295 Hil—

364 2321 486 2350 tutum
511 2321 546 2350 et
570 2316 774 2356 Paulinum,
801 2328 822 2350 a
838 2328 992 2361 quorum
1015 2317 1164 2350 lectione
1186 2326 1225 2350 X.
1252 2317 1355 2351 annis
1381 2318 1465 2351 totis
1490 2318 1526 2352 S.
1552 2318 1756 2363 Scripturae

366 2374 589 2408 meditationi
604 2373 777 2407 incubuit.
796 2373 999 2418 Discipulos
1013 2378 1131 2408 autem
1150 2374 1276 2409 habuit
1289 2375 1445 2409 maxima
1458 2387 1501 2409 ex
1515 2381 1616 2421 parte
1634 2376 1756 2410 Scotos

369 2430 555 2470 Kinotum,
590 2430 785 2471 Aidanum,
822 2431 1009 2472 Madocon‚
1040 2431 1180 2473 Ismael,
1213 2431 1421 2473 Paternum,
1452 2438 1487 2468 et
1518 2433 1755 2473 Thelianum;

1023 2491 1045 2522 2
1064 2497 1091 2522 D
