2032 2912
703 334 878 369 GENTIS
901 333 1181 372 SCOTORUM,
1205 333 1295 367 LIB.
1320 333 1347 366 1.
1679 333 1720 363 55

665 461 667 463 ’
713 463 949 521 ’.ῐοΑΝΝΕε
973 483 1226 520 ALDARUS.
1277 487 1337 524 92.

330 604 353 637 J
356 610 520 638 OANNES
533 600 701 640 Aldarus,
714 599 817 645 cujus
833 598 970 633 nudum
982 609 1112 633 nomen
1124 598 1170 633 ad
1182 609 1239 633 me
1249 598 1404 640 devenit,
1417 598 1576 635 historiis
1590 598 1715 644 patriis

331 670 451 696 curam
470 657 657 703 impendit.
709 656 859 701 Scripsit
1148 658 1151 662 ’

476 715 531 750 De
549 714 663 749 Scotis
681 718 718 749 et
735 712 908 748 Hibernis
1265 711 1326 747 lib.
1346 720 1372 746 1.

376 773 480 809 Vixit
495 783 589 809 anno
608 780 729 807 Mxm.

675 883 891 931 THOMAS
915 883 1253 920 AUGUSTINUS.
1306 885 1366 922 93.

328 1002 505 1036 THOMAS
540 1000 780 1048 Augustinus,
815 999 1067 1035 Turraviensis
1097 998 1236 1034 scholae
1265 998 1417 1045 insignis
1452 998 1585 1038 doctor,
1620 998 1714 1033 inter

328 1059 624 1094 eminentissimos
658 1058 714 1093 sui
749 1058 857 1092 seculi
895 1057 1056 1092 homines
1089 1057 1173 1103 jure
1211 1056 1463 1096 numerandus,
1502 1056 1715 1101 quadragin-

327 1121 364 1151 ta
382 1127 492 1160 paene
510 1116 613 1151 annis
630 1115 828 1150 incredibili
844 1114 964 1149 labore
976 1115 1207 1161 Juventutem
1224 1113 1292 1148 sibi
1310 1113 1532 1148 commissam
1547 1112 1713 1147 erudivit.

327 1172 470 1214 Graece,
489 1173 628 1214 Latine,
652 1177 688 1208 et
712 1172 887 1219 Hebraice
910 1171 1147 1211 doctissimae,
1170 1171 1394 1217 antiquarius
1415 1168 1713 1215 incomparabilis,

327 1231 469 1275 scripsit

475 1287 710 1327 Quorundam
727 1285 928 1321 Auctorum
949 1284 1141 1320 Versiones
1158 1296 1178 1320 e
1195 1284 1306 1319 Grae·

523 1355 564 1378 co
581 1344 619 1377 in
637 1342 811 1378 Latinum
1261 1341 1323 1376 lib.
1343 1350 1369 1376 1.

471 1400 641 1435 Poemata
660 1400 795 1434 Graeca
1263 1398 1325 1433 lib.
1345 1407 1371 1432 1.

470 1457 659 1492 Orationes
678 1456 810 1491 Graece
827 1456 1027 1501 Latineque
1263 1456 1325 1490 lib.
1344 1464 1370 1489 1.

471 1513 747 1550 Observationes
764 1514 804 1548 in
820 1513 1056 1560 Septuaginta
1259 1513 1322 1547 lib.
1341 1521 1368 1546 1.

470 1571 662 1607 Praeludia
679 1571 872 1606 Rhetorica
1264 1569 1326 1606 lib.
1346 1578 1371 1604 1.

371 1629 472 1666 Obiit
488 1630 528 1665 in
543 1629 720 1665 laborioso
736 1628 906 1664 exercitio
922 1639 1017 1664 anno
1035 1637 1202 1663 MDxcn.

673 1743 890 1779 THOMAS
914 1742 1251 1778 AUGUSTINUS.
1303 1744 1363 1782 94.

326 1859 503 1894 THOMAS
520 1858 750 1906 Augustinus
768 1858 1033 1899 Turraviensis,
1056 1857 1249 1902 superioris
1272 1857 1377 1899 filius,
1400 1868 1465 1893 nec
1487 1862 1588 1904 patre
1612 1864 1714 1894 tanto

323 1917 503 1964 indignus,
527 1917 776 1951 amoenissimo
800 1917 943 1963 ingenio
965 1916 1178 1955 adolescens,
1201 1915 1442 1960 quarumlibet
1464 1916 1638 1951 bonarum
1657 1928 1714 1951 ar-

324 1975 415 2009 tium
440 1985 562 2019 capax,
588 1974 744 2018 patriam
768 1974 911 2019 pietatis
937 1973 1122 2007 discendae
1145 1973 1263 2007 studio
1286 1974 1441 2018 reliquit,
1466 1974 1505 2009 in
1527 1974 1594 2009 hoc
1616 1975 1711 2019 patri

324 2043 432 2077 quam
459 2032 674 2071 simillimus,
700 2031 763 2076 qui
787 2031 895 2065 nullis
920 2041 1078 2075 unquam
1105 2031 1311 2065 muneribus
1337 2036 1400 2066 aut
1425 2035 1560 2067 terrore
1585 2033 1712 2066 adduci

321 2090 451 2134 potuit,
474 2093 516 2123 ut
539 2100 560 2123 a
583 2089 755 2135 religione
772 2088 956 2123 Catholica
973 2088 1155 2122 tantillum
1175 2088 1380 2123 discederet.
1408 2088 1527 2135 Igitur
1554 2088 1712 2124 Thomas

322 2146 524 2181 societatem
541 2145 630 2180 Jesu
647 2145 782 2180 Romae
800 2146 993 2192 ingressus,
1017 2146 1132 2179 multa
1153 2145 1284 2190 probae
1306 2146 1435 2181 indolis
1459 2146 1590 2180 indicia
1612 2157 1712 2191 prae-

320 2208 462 2238 matura
487 2208 523 2237 et
547 2203 672 2237 acerba
697 2207 811 2239 morte
836 2207 962 2248 raptus
986 2202 1143 2247 reliquit.
1194 2202 1345 2248 Scripsit
1370 2204 1496 2244 multa,
1521 2208 1563 2238 ut
1588 2204 1626 2238 in
1651 2204 1712 2238 illa

323 2265 460 2295 aetate:
486 2261 525 2294 in
542 2260 610 2301 his,

470 2317 742 2364 Epigrammata
760 2328 859 2352 sacra
1263 2317 1326 2353 lib,
1345 2327 1370 2352 1.

470 2374 616 2421 Elegias
633 2386 750 2410 sacras
767 2375 828 2410 lib.
848 2385 873 2410 1.
892 2376 1021 2422 quibus
1039 2375 1233 2410 ornabatur
1250 2376 1447 2412 nobilitatis
1464 2376 1552 2411 illud
1571 2387 1611 2411 ac
1637 2378 1711 2421 pie-

517 2432 602 2467 tatis
620 2432 791 2478 Lyceum,
808 2433 1038 2469 seminarium
1060 2433 1277 2469 Romanum.
