2032 2912
379 313 420 343 82
757 306 987 340 HISTORIA
1011 303 1385 338 ECCLESIASTICA

377 418 471 446 vero,
489 409 632 450 propter
649 413 750 437 suam
764 401 1047 436 maledictionem
1061 399 1170 434 variis
1184 398 1342 433 cladibus
1356 397 1525 438 addictos,
1544 397 1629 431 data
1640 408 1768 433 rursus

377 462 616 497 benedictione
645 459 797 494 absolvit
820 464 855 493 et
879 457 1051 492 sanavit.”
1112 456 1200 492 Fuit
1222 456 1329 490 abhas
1356 455 1491 489 ordinis
1517 454 1554 490 S.
1581 454 1766 490 Benedicti

377 519 517 558 alicubi,
547 528 586 551 ac
615 517 742 551 deinde
771 516 968 561 episcopus,
997 519 1040 549 ut
1068 525 1113 548 ex
1141 513 1281 548 Joanne
1311 512 1513 547 Trithemio
1542 514 1662 557 palam
1691 513 1771 547 loco

375 576 492 621 priore
508 575 666 609 laudato.
719 572 1020 619 Martyrologium
1038 572 1264 607 Romanum:
1291 574 1313 590 “
1331 570 1376 605 In
1394 569 1513 604 Scotia
1530 569 1566 604 S.
1585 570 1769 604 Brendani

376 633 544 668 abbatis.”
586 631 723 666 Eadem
742 630 872 666 Petrus
891 630 1093 664 Galesinius
1111 629 1156 663 ad
1173 629 1267 662 diem
1286 637 1373 662 XVI.
1392 627 1494 661 Maii.
1538 627 1677 662 Mentio
1690 627 1769 673 ejus

375 691 413 725 in
431 690 518 724 actis
535 689 571 723 S.
591 689 771 729 Maelovii,
788 699 880 733 quae
897 688 1023 722 recitat
1040 686 1257 721 Laurentius
1275 685 1402 720 Surius
1419 689 1505 719 tom.
1525 694 1581 720 v1.
1605 685 1651 719 ad
1673 685 1768 718 diem

377 756 446 782 XV.
464 747 658 782 Novembr.
677 745 807 780 Petrus
825 757 909 780 vero
927 745 1034 779 abbas
1051 746 1127 778 loco
1143 744 1288 777 laudato
1305 744 1420 777 multa
1442 743 1646 788 apocrypha
1669 752 1769 776 accu-

374 806 499 846 mulat,
517 809 553 839 ct
570 804 646 839 vita
662 803 738 849 ejus
755 814 840 837 sane
857 803 980 836 multis
1003 802 1142 836 affaniis
1165 805 1202 835 et
1223 800 1353 834 fabulis
1375 800 1526 834 intrusis
1550 805 1603 835 est
1626 800 1768 839 referta,

376 867 417 897 ut
434 863 472 896 in
488 872 637 896 censura
653 872 718 895 sua
735 860 868 894 indicat
889 858 913 892 J
915 869 1045 893 oannes
1063 858 1242 892 Molanus.
1294 856 1519 891 creberrima
1541 858 1650 892 etiam
1672 868 1770 891 men-

377 920 428 954 tio
445 919 540 964 apud
565 918 601 953 S.
623 918 877 952 Adamannum
901 916 1046 951 Scotum
1069 915 1130 949 lib.
1151 923 1211 948 111.
1236 914 1279 949 de
1303 912 1391 948 Vita
1413 913 1450 947 S.
1474 913 1669 948 Columbae
1692 924 1768 958 cap.

379 985 440 1010 111.
458 984 527 1010 XV.
546 981 581 1010 et
599 983 687 1009 XXI.
705 975 767 1008 ubi
787 974 1015 1008 Brendenum
1036 976 1240 1006 constanter
1261 975 1374 1005 vocat.
1399 970 1564 1015 Denique
1589 975 1668 1004 acta
1691 971 1770 1016 ejus

377 1033 480 1067 MSS.
509 1037 593 1067 sunt
617 1033 655 1066 in
680 1031 903 1065 Bibliotheca
928 1029 1113 1069 Vaticana,
1139 1033 1181 1063 ut
1206 1028 1330 1063 retulit
1355 1027 1488 1062 Caesar
1514 1027 1693 1062 Batonius
1723 1028 1768 1061 ad

377 1089 676 1135 Martyrologium
701 1088 757 1121 die
780 1095 866 1121 xvx.
891 1086 993 1127 Maii,
1015 1097 1087 1131 quo
1111 1086 1188 1131 ejus
1205 1085 1414 1120 memoriam
1437 1085 1583 1119 ecclesia
1605 1085 1768 1120 celebrat.

378 1146 469 1192 Ejus
488 1152 572 1181 sunt
587 1156 595 1179 :

522 1203 578 1238 De
595 1203 805 1238 Fortunatis
825 1202 957 1237 Insulis
1318 1200 1380 1235 lib.
1400 1210 1427 1235 1.

523 1260 708 1305 Epistolae
726 1261 770 1294 ad
785 1261 972 1304 populares
1319 1258 1380 1292 lib.
1401 1267 1428 1291 1.

525 1317 580 1351 De
599 1317 755 1363 Legibus
774 1317 1033 1350 Monachorum
1315 1315 1376 1349 lib.
1397 1323 1423 1349 1.
1466 1314 1621 1350 Arnold.
1650 1315 1771 1350 Uvion

575 1375 635 1408 lib.
656 1383 698 1407 11.
719 1374 828 1419 Ligni
845 1372 952 1408 Vitae
968 1385 1050 1419 pag.
1069 1381 1229 1407 CCCCIX.

527 1431 769 1466 Revelationis
787 1431 830 1464 de
847 1430 980 1464 futuris
998 1430 1235 1474 Temporibus
1314 1429 1376 1465 lib.
1396 1438 1422 1464 Ι.
1474 1429 1586 1465 Idem.

425 1489 554 1523 Clarus
571 1488 769 1522 habebatur
785 1498 879 1522 anno
898 1496 1013 1521 anl.
1030 1493 1073 1522 ut
1091 1488 1170 1521 vult
1186 1486 1361 1533 Sigebert.
1385 1488 1442 1522 vel
1465 1498 1558 1522 anno
1581 1496 1710 1521 DLxx.
1730 1493 1771 1522 ut

379 1546 498 1580 Trith.
518 1546 648 1585 visum,
666 1546 722 1579 vel
739 1556 833 1579 anno
850 1553 996 1579 DLXIV.
1018 1550 1061 1579 ut
1077 1544 1183 1579 habet
1202 1544 1292 1579 Mat.
1310 1544 1569 1580 Westmonast.
1594 1546 1633 1579 in
1656 1545 1772 1580 Flori-

380 1603 446 1637 bus
465 1602 658 1637 Historiar.
677 1603 734 1637 vel
752 1613 845 1637 anno
863 1610 1008 1636 DxL1V.
1027 1607 1068 1636 ut
1085 1606 1139 1636 est
1156 1601 1195 1635 in
1213 1601 1397 1637 Fasciculo
1416 1601 1646 1648 Temporum.

863 1700 899 1734 S.
925 1699 1154 1735 BRIGIDA.
1206 1702 1289 1734 144.

378 1776 414 1810 S.
434 1775 629 1815 BMGIDA,
648 1775 723 1809 sive
741 1774 910 1820 Brigitta,
933 1778 997 1807 aut
1014 1773 1176 1819 Pyrgita,
1201 1778 1436 1820 cognomento
1460 1774 1672 1821 Laginensis
1695 1786 1769 1810 cor-

376 1838 482 1878 rupte
507 1843 571 1877 pro
597 1830 825 1871 Ladenensis,
851 1831 924 1865 fllia
953 1831 1111 1865 Dabothi
1136 1832 1319 1876 principis,
1351 1837 1392 1866 ut
1418 1834 1498 1866 vult
1524 1841 1564 1867 V.
1591 1842 1654 1867 eL.
1681 1833 1771 1867 Ant.

379 1890 523 1924 Possev.
542 1894 627 1923 tom.
647 1898 673 1923 1.
695 1888 831 1934 Appar.
850 1889 947 1923 Sacr.
970 1900 1052 1935 pag.
1078 1897 1201 1922 CCLII.
1229 1889 1334 1923 Hanc
1356 1889 1418 1923 alii
1441 1889 1596 1924 Dubtaci
1620 1891 1658 1924 in
1681 1892 1772 1925 ulte·

379 1948 472 1982 riore
497 1946 634 1981 Scotiae
661 1947 805 1992 regione
830 1946 951 1987 filiam,
978 1951 1091 1980 matre
1117 1946 1224 1980 etiam
1249 1946 1377 1980 ancilla
1403 1946 1587 1988 Brosecca,
1612 1947 1772 1989 faciunt3

380 2005 440 2039 sed
465 2015 592 2048 parum
618 2003 738 2044 refert,
763 2004 956 2037 dummodo
981 2014 1058 2038 eam
1085 2008 1191 2049 gente
1216 2003 1326 2038 fuisse
1357 2003 1499 2038 Scotam
1529 2009 1676 2039 constet.
1709 2005 1774 2039 Pe-

379 2066 458 2096 trus
481 2061 541 2095 lib.
565 2070 625 2095 111.
650 2060 813 2107 Catalogi
837 2072 912 2105 cap.
940 2069 1057 2094 LXIX·
1082 2060 1186 2095 Geor.
1212 2060 1407 2095 Garnefelt.
1431 2061 1509 2096 Vit.
1533 2060 1685 2097 Eremit.
1708 2073 1771 2107 pa·

381 2119 465 2165 gina
498 2127 672 2152 ccxxln.
707 2118 744 2152 S.
774 2117 936 2164 Brigida,
971 2118 1075 2164 virgo
1105 2123 1141 2152 et
1170 2118 1335 2152 monialis
1365 2119 1403 2153 in
1434 2119 1621 2154 Scotorum
1650 2131 1773 2167 regno.

383 2175 517 2209 Anton.
536 2175 770 2209 Dauroultius
788 2186 863 2220 cap.
884 2185 945 2209 111.
963 2175 1060 2210 Flor.
1079 2174 1232 2220 Exemp.
1258 2176 1313 2210 tit.
1335 2178 1417 2217 122,
1444 2177 1464 2222 §
1487 2179 1520 2218 4,
1544 2187 1620 2222 par.
1645 2187 1671 2211 1.
1696 2189 1772 2223 cap.

385 2240 439 2265 VI.
451 2232 507 2265 tit.
521 2240 605 2265 ΧΠ.
623 2232 642 2276 S
657 2241 729 2265 vu.
745 2237 767 2252 ‘⁶
780 2231 878 2266 Haec
889 2233 992 2279 virgo
1003 2233 1096 2267 inter
1106 2233 1244 2268 Scotiae
1255 2234 1389 2278 puellas
1400 2234 1670 2279 pulcherrima?
1697 2235 1772 2270 Tit.

387 2297 510 2322 xxm.
526 2289 545 2333 §
562 2297 638 2323 xil.
657 2294 677 2308 ·‘
689 2289 724 2323 S.
740 2289 900 2335 Brigida,
914 2290 1017 2336 virgo
1030 2301 1049 2324 e
1063 2290 1212 2324 Scotia.’'
1239 2290 1423 2325 Gibbonus
1437 2292 1475 2326 in
1489 2291 1665 2337 Epistola.
1681 2292 1774 2326 Pau-

385 2346 442 2379 lus
460 2344 621 2391 Morigea
636 2346 697 2380 lib.
713 2354 766 2380 ιν.
785 2345 863 2380 Vir.
878 2347 1007 2381 illustr.
1022 2358 1098 2392 cap.
1114 2356 1227 2382 vax.
1247 2352 1269 2367 ‘⁶
1286 2347 1518 2382 sanctissima
1535 2349 1637 2394 virgo
1654 2349 1773 2395 Brigi-

387 2402 443 2442 da,
459 2413 502 2435 ex
515 2403 696 2446 provincia
708 2403 857 2437 Scotia.''
890 2403 983 2438 Vide
996 2404 1090 2438 infra
1101 2405 1160 2439 hic
1170 2405 1208 2438 in
1221 2405 1291 2439 alia
1301 2404 1338 2439 S.
1352 2403 1530 2451 Brigida,
1561 2405 1585 2438 J
1587 2416 1619 2439 o.
1632 2405 1773 2440 Leslae-

389 2469 431 2493 us
448 2458 508 2493 lib.
528 2467 582 2492 1v.
602 2458 697 2494 Hist.
717 2460 809 2495 Scot.
827 2471 908 2507 pag.
928 2470 1070 2495 CXLIX.
1089 2460 1252 2496 Andreas
1271 2461 1497 2507 Tiraquellus
1516 2461 1651 2503 Gallus,
1672 2473 1772 2497 sena·
