2032 2912
341 320 404 352 292
723 311 958 345 HISTORIA
981 309 1358 343 ECCLESIASTICA

495 410 680 456 Epistolae
697 409 743 442 ad
762 407 886 442 Scotos
904 406 1082 451 dispersos
1291 406 1352 440 lib.
1373 415 1399 439 1.

394 471 601 504 Exularunt
619 466 716 501 Scoti
734 466 849 500 edicto
868 464 1033 505 Maximi,
1052 464 1270 499 instantibus
1289 463 1413 504 Pictis,
1432 475 1454 498 a
1471 475 1582 511 regno
1600 468 1744 503 condito

346 540 438 562 anno
467 535 588 561 DCCX.
614 536 708 559 anno
734 523 860 558 salutis
879 531 1105 557 CCCLXXIX.
1131 523 1330 567 imperante
1355 521 1513 563 Juliano,
1539 524 1683 560 sedente
1709 527 1746 560 in

347 585 444 619 Petri
464 584 633 619 cathedra
650 581 830 621 Damaso;
858 580 1075 626 duravitque
1100 580 1247 615 exilium
1271 584 1348 615 toto
1372 590 1463 625 pene
1480 584 1640 626 tempore
1658 583 1746 618 Siri-

346 644 400 680 cii,
427 641 614 676 Anastasii
632 640 662 675 Ι.
681 646 717 674 et
735 638 937 674 Innocentii
955 638 985 672 I.
1011 637 1263 686 Augustorum
1282 649 1367 673 vero
1393 637 1591 681 Joviniani,
1617 640 1747 676 Valen-

345 701 486 742 tiniani,
514 698 709 734 Theodosii
737 697 766 732 Ι.
819 697 995 732 Restituti
1013 707 1098 732 vero
1115 697 1235 737 iidem,
1263 696 1439 743 Fergusio
1463 697 1625 739 ducente,
1652 711 1747 734 anno

346 760 408 793 sal.
430 767 590 793 CDXXX.
618 756 824 792 sedentibus
842 755 979 790 Romae
997 754 1206 789 Innocentio
1224 754 1253 789 I.
1281 754 1397 796 Scoto,
1416 755 1570 797 Sozimo,
1597 756 1747 792 Bonifa-

346 820 399 852 cio
417 817 447 852 Ι.
466 816 667 852 Coelestino
685 815 715 850 I.
734 814 837 849 Sixto
856 813 926 849 ΙΙΙ.
944 813 1065 848 Leone
1083 812 1112 847 Ι.
1165 812 1263 847 Τ11111
1290 812 1568 849 Pharamundus
1593 826 1747 863 regnum

346 876 567 910 Francorum
585 873 764 914 fundavit,
782 872 933 919 trajecto
952 871 1092 906 Rheno.
1145 871 1345 918 Fergusius
1371 872 1538 918 regnavit
1565 873 1668 908 annis
1689 882 1747 908 IX.

345 945 455 980 regno
472 933 640 980 Eugenio
658 931 707 967 II.
727 931 800 966 filio
818 931 953 965 relicto.
1006 928 1167 965 Annales
1185 929 1327 965 Scotici.

821 1046 1133 1082 FERGUSTUS.
1186 1049 1270 1081 533.

344 1168 598 1207 Faneusws,
617 1166 693 1201 sive
711 1165 924 1212 Pergustus,
943 1164 1059 1199 socius
1078 1164 1214 1199 Sedulii
1230 1163 1400 1210 junioris,
1419 1163 1462 1197 de
1480 1174 1553 1208 quo
1570 1163 1654 1198 vide
1682 1165 1748 1199 hoc

344 1237 448 1271 opere
466 1225 573 1261 infra.
626 1224 778 1259 Constat
796 1223 1001 1269 episcopum
1021 1222 1205 1258 Pictorum
1223 1222 1345 1262 fuisse,
1373 1221 1436 1256 sed
1459 1222 1562 1269 cujus
1589 1222 1657 1257 loci
1686 1229 1748 1258 aut

344 1284 520 1325 ecclesiae,
547 1283 646 1318 haud
662 1282 765 1317 facile
783 1282 1032 1316 divinaverim.
1086 1280 1259 1316 Interfuit
1277 1291 1361 1315 sane
1380 1280 1571 1326 episcopali
1589 1282 1749 1316 auctori-

343 1349 418 1378 tate
436 1342 584 1377 concilio
603 1341 740 1376 Romae
767 1341 943 1376 celebrato
967 1351 1061 1374 anno
1081 1348 1250 1374 DCCXIV.
1277 1338 1344 1373 sub
1368 1337 1543 1385 Gregorio
1561 1338 1610 1374 ΙΙ.
1638 1344 1678 1374 ut
1706 1351 1749 1374 ex

343 1402 431 1435 actis
457 1400 597 1435 concilii
623 1404 733 1444 patet,
760 1400 818 1434 cui
844 1399 903 1432 ille
930 1410 1010 1432 cum
1037 1398 1162 1432 multis
1188 1398 1267 1432 aliis
1295 1397 1499 1432 subscribit.
1553 1397 1658 1432 Tom.
1686 1407 1746 1432 111.

345 1459 534 1493 Concilior.
551 1469 633 1505 pag.
653 1466 796 1493 CDXVI.
849 1455 942 1502 Ejus
961 1461 1014 1490 est

493 1516 538 1550 In
555 1516 798 1563 Evangelium
816 1514 862 1549 D.
883 1514 1061 1549 Matthaei
1080 1513 1366 1548 Commentarius
1385 1514 1612 1549 doctissimus
1638 1514 1699 1548 lib.
1722 1523 1745 1547 1.

541 1586 647 1619 quem
662 1574 740 1608 MS.
761 1573 911 1607 Parisiis
926 1576 1046 1607 servat
1064 1573 1121 1606 vir
1138 1571 1330 1617 religiosus
1348 1571 1372 1605 J
1374 1572 1503 1606 acobus
1522 1571 1745 1612 Sirmondus,

541 1631 728 1667 Societatis
745 1630 769 1665 J
772 1642 835 1665 esu
851 1630 1048 1675 presbyter,
1067 1630 1160 1664 bono
1178 1629 1230 1663 rei
1248 1629 1427 1664 literariae
1444 1635 1563 1664 natus.

392 1691 531 1726 Claruit
550 1690 616 1725 sub
634 1690 806 1724 Mordaco
824 1700 918 1735 rege,
937 1700 1031 1723 anno
1049 1688 1175 1722 salutis
1192 1687 1371 1722 humanae
1390 1696 1596 1723 DCCXXIII.

803 1789 839 1824 S.
868 1787 1158 1824 FERRANUS.
1211 1790 1295 1822 534.

344 1866 378 1900 S.
408 1866 646 1907 FERRANUS,
674 1870 910 1913 cognomento
941 1864 1110 1908 Culdeus,
1142 1865 1209 1900 hoc
1236 1870 1300 1906 est,
1327 1865 1396 1899 Dei
1415 1865 1553 1906 Cultor,
1584 1867 1635 1901 sic
1654 1868 1749 1902 enim

343 1930 545 1960 nostratum
564 1926 681 1970 prisca
698 1926 824 1971 lingua
849 1924 1047 1959 sacerdotes
1071 1925 1251 1970 appellati,
1278 1924 1341 1969 qui
1367 1924 1581 1959 claritudine
1607 1937 1748 1961 summa

342 1984 490 2030 ingenii,
522 1988 557 2018 et
588 1984 745 2018 maxima
775 1983 908 2028 pietate
938 1982 1185 2024 emicuerunt3
1222 1993 1311 2028 quos
1341 1987 1500 2017 recenset
1532 1983 1582 2018 H.
1615 1983 1744 2019 Boeth.

343 2042 404 2076 lib.
433 2051 487 2076 VI.
522 2041 620 2076 Hist.
649 2041 742 2076 Scot.
774 2053 856 2088 pag.
890 2050 1005 2075 XCIX.
1043 2040 1316 2086 AmphibaIum,
1349 2039 1525 2082 Priscum,
1558 2041 1745 2083 Calanum,

347 2100 558 2140 Ferranum,
575 2099 810 2140 Ambianum,
829 2104 865 2134 et
883 2099 1097 2134 Carnocum.
1151 2099 1223 2134 Hic
1241 2099 1354 2134 edidit

491 2149 678 2184 Sermones
698 2151 774 2195 pios
1238 2149 1300 2184 lib.
1321 2158 1345 2183 1.

396 2207 534 2243 Floruit
551 2219 645 2243 anno
664 2217 863 2243 DCCLVIII.
913 2207 937 2242 J
940 2219 1071 2243 oannes
1090 2207 1260 2243 Leslaeus
1278 2208 1340 2244 lib.
1361 2218 1421 2244 III.
1441 2220 1523 2256 pag.
1544 2217 1677 2243 CXXII.

726 2307 955 2344 FLACCUS
981 2308 1218 2344 ALBINUS.
1272 2310 1356 2344 535.

345 2381 533 2416 FLACCUS
561 2381 727 2425 Albinus,
756 2384 832 2419 sive
858 2383 1047 2425 Alcuinus,
1075 2384 1195 2419 Caroli
1214 2384 1353 2432 Magni,
1381 2390 1423 2421 ut
1449 2396 1559 2431 supra
1584 2385 1743 2430 exposui,

344 2444 561 2485 praeceptor,
592 2445 628 2476 et
658 2442 857 2478 academiae
884 2442 1097 2478 Parisiensis
1124 2442 1306 2486 fundator,
1334 2448 1476 2490 praeter
1502 2455 1542 2479 ea
1569 2454 1660 2489 quae
1687 2454 1743 2476 su-
