2032 2912
307 297 368 326 110
685 293 917 327 HISTORIA
942 292 1315 325 ECCLESIASTICA

505 390 699 429 bulentum,
727 399 797 433 quo
823 387 882 421 ille
913 386 1172 422 sanctissimam
1202 386 1372 420 feminam
1403 387 1518 422 caedis
1549 395 1701 428 accusat,

506 446 566 480 lib.
587 455 612 480 1.
665 445 765 480 Idem
783 445 984 479 Camdenus
1002 445 1047 479 ad
1064 455 1199 478 annum
1219 452 1416 479 MDvan.
1435 445 1548 490 princ.

454 503 508 537 De
526 503 647 537 Rebus
664 503 775 549 gestis
794 501 1039 546 Hispanorum
1057 500 1103 535 ad
1119 500 1231 535 Dium
1249 501 1287 534 in
1305 500 1421 542 India,
1443 501 1532 536 liber
1549 504 1700 537 tei-sissi-

503 572 594 601 mus,
629 561 745 594 editus
782 560 966 605 supposito
1001 559 1144 593 nomine
1178 557 1201 591 J
1204 558 1301 592 acobi
1334 558 1438 593 Tevii
1469 561 1624 604 primum
1663 562 1701 594 in

505 618 692 663 Hispania,
712 623 791 652 tum
808 617 955 657 Romae,
974 617 1034 651 lib.
1055 625 1080 650 1.

455 676 569 711 Iambi
587 675 779 710 Simonidis
797 686 841 709 ex
858 674 1009 709 Stobaeo
1026 673 1086 708 lib.
1107 682 1132 707 1.
1185 673 1324 709 Prodiit
1342 685 1383 709 ea
1407 676 1522 710 versio
1547 681 1633 710 tom.
1656 685 1697 710 11.

502 733 693 768 Poetarum
713 732 940 767 Graecorum.

359 792 407 826 Ut
424 791 578 826 hominis
595 791 708 837 igitur
724 790 941 835 impietatem
960 789 1100 829 damno,
1118 788 1170 823 ita
1186 788 1351 823 laudibus
1365 790 1403 824 in
1416 790 1615 825 eruditione
1629 803 1699 826 non

306 849 512 895 vulgaribus
530 848 654 882 lubens
671 847 784 882 faveo.
837 846 1022 880 Praeclara
1039 847 1160 891 itaque
1177 846 1221 880 de
1238 856 1279 880 eo
1297 847 1500 881 testimonia
1514 848 1699 882 doctorum

305 912 437 941 extant.
490 905 640 940 Adrian.
660 904 818 938 Turneb.
837 903 897 937 lib.
918 912 943 937 1.
962 902 1156 938 Adversar.
1176 914 1251 947 cap.
1269 911 1312 937 11.
1334 908 1355 923 ‘⁶
1369 903 1559 938 Neminem
1573 916 1648 939 esse
1662 907 1700 940 in

306 964 422 998 Gallia
438 963 603 998 existimo
620 963 727 1007 paulo
744 962 1002 1000 humaniorem,
1021 961 1078 995 cui
1097 960 1273 1006 Georgius
1292 960 1534 996 Buchananus
1558 973 1629 997 non
1653 963 1701 997 sit

306 1027 422 1061 notus,
441 1032 511 1055 non
530 1021 645 1054 solum
662 1019 814 1053 eximius
832 1022 947 1062 poeta,
967 1029 1092 1052 verum
1110 1018 1219 1052 etiam
1238 1018 1295 1051 vir
1312 1018 1409 1052 omni
1428 1018 1566 1052 liberali
1585 1020 1701 1054 erudi-

305 1079 400 1112 tione
411 1089 482 1112 non
495 1077 622 1111 leviter
635 1077 780 1116 tinctus,
793 1076 854 1110 sed
868 1075 1011 1120 penitus
1022 1075 1216 1110 imbutus.’'
1241 1074 1266 1108 J
1268 1086 1347 1110 oan.
1362 1074 1500 1120 Rayus,
1517 1080 1539 1095 “
1550 1076 1701 1111 inacces-

305 1147 379 1169 sam
398 1134 608 1169 Buchanani
626 1134 872 1168 divinitatem”
891 1133 947 1178 (ut
965 1133 1040 1178 ipse
1058 1133 1119 1173 ait,
1138 1133 1181 1166 de
1195 1143 1311 1177 opere,
1325 1144 1397 1167 non
1411 1133 1454 1167 de
1467 1133 1610 1167 homine
1624 1145 1702 1168 sen-

306 1194 410 1237 tiens)
430 1193 637 1232 admiratus,
658 1192 820 1226 imitatus
836 1190 861 1224 J
862 1191 926 1225 ulii
945 1190 1116 1237 Scaligeri
1134 1191 1178 1225 de
1195 1189 1351 1236 Virgilio
1369 1201 1505 1231 versus,
1520 1191 1570 1225 sic
1584 1192 1700 1226 canit:

607 1287 741 1317 Mirande
754 1292 844 1321 vates,
860 1287 923 1316 fons
936 1286 1014 1316 beati
1029 1287 1172 1322 carminis,

688 1334 794 1364 Latina
808 1334 900 1367 Siren,
915 1333 1024 1372 patriae

606 1381 723 1411 illustre
737 1381 833 1415 decus,
847 1386 878 1410 et
891 1381 949 1410 mel
963 1380 1067 1420 leporis
1081 1381 1185 1415 Attici,

686 1428 859 1457 Doctissime
871 1438 959 1466 nepos
974 1428 1099 1462 Romuli,

608 1476 730 1505 Latinae
744 1475 888 1509 Athenae,
903 1475 1006 1504 Flacce
1019 1475 1138 1514 dupla,
1153 1480 1182 1505 et
1196 1475 1301 1515 triplex

685 1523 819 1557 Homere,
834 1532 915 1551 mens
928 1532 1052 1561 poeseos,

608 1570 636 1598 O
651 1570 757 1608 absque
772 1570 842 1599 vitio
855 1575 1024 1603 monstrum,
1040 1575 1069 1598 et
1083 1569 1189 1607 absque
1204 1569 1340 1599 fluctibus

683 1617 807 1646 Pontum
821 1617 1005 1655 profundum,
1019 1616 1145 1645 nubibus

606 1663 724 1693 Coelum
739 1664 845 1702 absque
858 1673 982 1702 purum;
1003 1663 1031 1692 Ο
1046 1663 1167 1702 posteris
1180 1663 1368 1693 miraculum!
1384 1665 1435 1693 διο.

355 1765 504 1799 ,loannis
531 1763 682 1803 Posthii,
711 1762 879 1796 archiatri
907 1761 1074 1802 Palatini,
1102 1761 1274 1796 Latinum
1306 1763 1537 1808 epigramma,
1565 1768 1600 1798 et
1630 1765 1701 1798 duo

307 1824 439 1856 Graeca
476 1821 625 1855 Joannis
665 1820 875 1864 Lundorpii,
918 1820 1065 1854 editioni
1108 1820 1256 1854 ultimae
1298 1831 1447 1865 operum
1490 1820 1699 1856 Buchanani

306 1880 470 1925 praefixa,
506 1879 706 1918 videantur,
742 1882 815 1911 tam
850 1877 961 1911 felicis
1000 1882 1036 1911 et
1073 1882 1147 1912 tam
1186 1878 1348 1913 sublimis
1387 1878 1522 1925 ingenii
1562 1885 1696 1924 poetae.

308 1938 388 1971 Nou
425 1937 539 1971 defuit
574 1941 693 1970 tamen
728 1935 790 1980 qui
822 1935 986 1980 ignaviae
1016 1940 1160 1980 patrum
1189 1936 1361 1970 memoria
1390 1942 1558 1982 argueret
1592 1937 1699 1971 homo

308 1996 419 2029 Italus
437 1996 550 2034 dicax,
569 1998 604 2028 et
622 1993 787 2039 ignaviae
810 2003 980 2032 summae,
1005 2004 1026 2026 a
1048 1992 1187 2027 Joanne
1210 1993 1396 2028 Matthaeo
1420 1993 1583 2028 Toscano
1606 1994 1701 2028 inter

305 2053 472 2087 Carmina
511 2051 704 2086 illustrium
746 2050 937 2085 Poetarum
977 2050 1151 2085 Italorum
1190 2055 1275 2090 tom.
1310 2060 1334 2085 1.
1367 2051 1579 2096 publicatus,
1617 2064 1698 2098 pag.

306 2119 479 2144 LXXXVI.

355 2168 518 2213 Sugillat,
549 2167 633 2200 dum
663 2167 808 2200 laudare
838 2167 916 2200 vult
947 2165 1071 2207 videri,
1101 2165 1300 2201 Gulielmus
1329 2167 1530 2202 camdenus
1558 2167 1697 2203 Histor.

306 2226 446 2270 Anglic.
478 2225 522 2258 ad
552 2235 685 2258 annum
713 2232 910 2258 MDLXVH.
937 2223 975 2257 in
1000 2224 1196 2269 principio:
1228 2229 1249 2244 “
1267 2224 1510 2259 Buchananus
1539 2226 1696 2270 partium

306 2283 435 2322 studio,
454 2287 488 2316 et
507 2281 661 2316 Moravii
679 2281 922 2317 munificentia
940 2281 1119 2326 abreptus,
1143 2282 1194 2316 ita
1217 2282 1361 2327 scripsit
1384 2287 1426 2317 ut
1443 2282 1525 2317 libri
1550 2283 1610 2317 isti
1634 2283 1697 2318 fal-

308 2340 422 2374 sitatis
440 2340 596 2373 damnati
615 2339 687 2373 sint
704 2340 748 2374 ab
766 2340 950 2374 ordinibus
968 2339 1069 2385 regni
1087 2339 1236 2381 Scotiae,
1262 2351 1415 2385 quorum
1433 2340 1514 2374 fidei
1531 2341 1612 2386 plus
1635 2342 1698 2375 tri—

308 2397 497 2436 buendum,
517 2402 549 2431 et
568 2397 642 2441 ipse
659 2408 775 2432 coram
795 2409 888 2444 rege,
909 2397 964 2431 cui
983 2396 1053 2432 fuit
1070 2398 1307 2444 paedagogus,
1326 2398 1560 2444 ingemiscens
1578 2398 1696 2433 subin-
