2032 2912
310 299 373 330 238
693 295 925 328 HISTORIA
951 293 1326 327 ECCLESIASTICA

314 407 359 428 na
377 404 459 428 clx.
479 399 513 427 et
532 391 667 425 Anton.
688 390 872 425 Possevin.
891 390 1030 435 Appar.
1049 391 1146 425 Sacri
1167 397 1253 425 tom.
1275 400 1300 424 1.
1320 401 1401 436 pag.
1421 399 1581 427 CLXX11.
1620 395 1715 441 Ejus

316 457 366 485 est

463 506 673 541 Confutatio
700 506 957 551 Responsionis
983 506 1165 541 Guilielmi
1195 507 1416 541 Whittakeri
1444 507 1504 542 lib.
1526 518 1550 543 1.
1596 509 1716 557 Ingol-

513 565 631 599 stadii.

361 624 464 658 Vixit
482 628 517 658 et
535 623 624 658 obiit
642 623 681 657 in
699 622 902 664 Germania,
921 624 982 658 sed
1000 624 1118 658 nescio
1137 623 1197 658 ubi
1215 615 1294 664 loci,
1313 635 1408 658 anno
1428 633 1692 660 MDLXXXVII.

576 739 889 774 GUALTERUS
914 739 1303 775 DONALDSONUS.
1358 742 1442 775 430.

314 857 568 892 GUALTERUS
586 856 850 897 Donaldsonus,
870 855 992 901 magni
1006 856 1171 896 nominis,
1187 856 1249 890 sed
1267 856 1414 902 majoris
1432 858 1565 898 meriti,
1586 858 1720 894 Sedan-

311 915 406 950 ensis
432 915 572 949 scholae
597 913 882 960 gymnasiarcha,
914 924 954 947 ac
977 913 1222 958 philosophiae
1245 914 1378 948 ibidem
1401 914 1591 958 professor,
1617 917 1717 951 varia

313 973 423 1007 edidit
439 983 447 1006 z
475 984 540 1018 ego
559 976 701 1006 tantum
720 972 795 1005 vidi

462 1030 684 1075 Lachrymas
703 1029 862 1064 Tumulo
882 1028 1031 1063 Henrici
1050 1029 1189 1064 Stuarti
1208 1029 1362 1064 Walliae
1381 1030 1559 1076 Principis
1611 1032 1671 1066 lib.
1694 1042 1718 1066 1.

362 1088 465 1122 Vivit
484 1087 611 1128 adhuc,
630 1092 666 1122 et
683 1088 798 1122 multa
816 1087 976 1132 quotidie
993 1091 1154 1131 posteros
1169 1091 1342 1121 ornatura
1359 1088 1523 1122 molitur:
1542 1100 1637 1123 nunc
1656 1102 1720 1124 au-

311 1147 370 1180 dio
389 1146 537 1180 Parisiis
555 1145 811 1191 professionem
831 1145 1017 1189 occepisse,
1036 1145 1131 1189 quod
1150 1145 1243 1179 bono
1260 1145 1348 1190 reip.
1368 1146 1549 1181 literariae
1568 1147 1641 1182 fiat.

602 1261 925 1296 GUILIELMUS
951 1260 1289 1296 DAVIDSONUS.
1343 1264 1428 1296 431.

313 1379 582 1414 GUILOELMUS
625 1379 856 1414 Davidsonus
890 1379 1001 1414 bonas
1036 1383 1130 1413 artes
1165 1379 1203 1413 in
1238 1378 1357 1413 Scotia
1392 1379 1530 1420 didicit,
1569 1380 1718 1415 Parisiis

314 1438 446 1478 (locuit,
474 1438 653 1472 indivisus
678 1437 830 1472 Joannis
856 1437 1073 1482 Dempsteri,
1104 1439 1180 1472 sive
1209 1438 1460 1479 Themistoris,
1492 1439 1536 1473 de
1564 1450 1636 1483 quo
1662 1451 1720 1474 su-

312 1508 388 1540 pra,
424 1497 568 1542 collega,
600 1496 846 1540 philosophiae
877 1496 1000 1530 eodem
1035 1501 1194 1541 tempore
1225 1496 1415 1541 professor.
1483 1496 1609 1531 Edidit
1646 1497 1720 1531 Lu-

314 1555 432 1595 tetiae‚

463 1612 717 1658 Philosophiae
734 1611 985 1647 Aristotelicae
1004 1611 1186 1657 Synopsin
1364 1613 1425 1647 lib.
1447 1623 1470 1647 1.

466 1670 713 1704 praefationes
732 1671 894 1704 solennes
1365 1671 1426 1705 lib.
1447 1681 1472 1705 Ι.

364 1729 524 1762 Docendi
544 1740 676 1763 munus
696 1739 886 1775 aggressus
905 1732 969 1767 est,
988 1739 1032 1761 ex
1049 1728 1138 1762 actis
1157 1728 1357 1762 academiae
1376 1728 1601 1769 Parisiensis‚
1626 1741 1720 1763 anno

319 1796 467 1821 MDle.

664 1903 911 1938 ANDREAS
938 1903 1230 1938 DUNCANUS.
1285 1906 1368 1939 432.

319 2021 524 2056 ANDREAS
552 2021 749 2055 Duncanus
780 2022 854 2055 solo
883 2021 1026 2054 nomine
1055 2021 1143 2055 mihi
1176 2025 1283 2055 notus
1309 2026 1374 2062 est,
1401 2027 1437 2056 et
1462 2027 1550 2067 puto
1577 2034 1721 2067 operam

318 2091 420 2113 suam
438 2080 613 2124 poliendis
632 2079 860 2124 popularium
880 2078 1034 2124 ingeniis
1052 2079 1270 2121 destinavit;
1296 2081 1415 2115 nescio
1433 2085 1565 2122 tamen,
1585 2092 1631 2114 an
1649 2092 1721 2115 non

321 2138 427 2171 etiam
462 2139 500 2171 in
531 2137 656 2172 Galliis
688 2137 910 2181 aliquamdiu
940 2137 1155 2171 substiterit.
1209 2138 1401 2183 Utcunque
1433 2139 1489 2173 vir
1523 2139 1721 2173 habebatur

324 2195 562 2236 doctissimus,
581 2200 616 2229 et
634 2196 728 2229 inter
747 2196 803 2229 sui
822 2195 930 2229 seculi
949 2195 1094 2239 primos.
1147 2195 1241 2242 Ejus
1259 2202 1366 2231 sunt:

471 2252 691 2287 Rudimenta
709 2253 859 2287 Pietatis
1364 2255 1424 2289 lib.
1446 2264 1470 2289 Ι.

472 2310 693 2345 Rudimenta
711 2310 972 2345 Grammaticae
1364 2313 1425 2347 lib.
1447 2323 1470 2346 1.

476 2367 709 2415 Etymologia
726 2368 859 2403 Latina
1365 2371 1427 2405 lib.
1449 2381 1473 2405 Ι.

376 2425 487 2466 Obiit,
508 2431 548 2460 ut
567 2426 679 2466 aiunt,
701 2438 794 2461 anno
812 2427 1011 2471 superi0ri3
1046 2427 1081 2461 id
1101 2434 1165 2468 est,
1186 2437 1398 2463 MDcxvm.
