2032 2912
326 300 390 331 218
703 297 934 329 HISTORIA
958 295 1329 328 ECCLESIASTICA

617 449 906 484 GILBERTUS
932 448 1278 483 DEIDONANUS.
1332 450 1415 482 400.

330 566 563 600 GILBERTUS
581 565 825 608 Deidonanus,
842 564 1103 599 Carmelitanus
1121 564 1255 598 ordinis
1269 563 1312 597 B.
1329 563 1465 597 Mariae
1478 575 1616 609 semper
1629 565 1713 601 Vir-

328 623 433 668 ginis,
452 634 531 657 cum
549 623 671 656 doctor
688 628 779 657 esset
798 623 859 656 SS.
879 622 1076 667 theologiae
1094 621 1318 661 Sorbonicus,
1342 622 1532 655 conventui
1558 634 1622 658 suo
1647 624 1714 658 Pa-

329 681 468 714 risiensi
502 681 633 714 famam
668 685 703 714 et
737 692 819 725 opes
854 680 1068 725 professione
1102 679 1238 723 peperit
1254 688 1263 718 ;
1303 689 1388 724 erga
1417 680 1570 723 patriam
1613 693 1713 715 suam

329 746 464 783 gratus,
492 738 622 771 meruit
639 738 676 771 in
694 738 759 771 hoc
777 749 879 781 opere
902 737 1111 770 honoratam
1135 736 1349 770 mentionem
1365 745 1373 769 :
1400 737 1511 771 altare
1534 737 1630 773 Divo
1648 739 1683 772 N
1686 740 1714 772 i-

329 796 436 829 niano
454 795 558 829 Scoto
575 796 612 829 in
632 807 696 829 sua
714 796 857 828 ecclesia
879 794 1070 838 reparavit,
1095 805 1215 827 annuo
1235 804 1342 828 censu
1365 793 1505 834 ditavit,
1530 807 1715 830 ornamen-

329 853 375 887 tis
393 854 581 893 decoravit,
600 853 694 897 quod
712 864 752 886 eo
769 857 926 896 tempore
944 851 1130 885 Scotorum
1147 851 1393 896 religiosorum
1420 855 1455 885 et
1472 852 1713 896 professorum

330 911 530 955 sepulturae
548 911 596 944 ibi
615 914 742 944 essent.
794 909 943 953 Scripsit

475 967 707 1007 Quaestiones
725 966 1010 1006 Quodlibetarias
1105 962 1107 965 ’
1314 966 1376 1000 lib.
1397 975 1422 999 Ι.
1466 974 1469 976 “

477 1024 648 1058 Lecturas
668 1025 782 1058 varias
1311 1023 1372 1057 lib.
1392 1032 1418 1057 1.

377 1081 557 1115 Alumnus
569 1087 643 1115 erat
658 1082 826 1115 comitum
843 1081 1065 1115 Martialium
1080 1092 1173 1114 anno
1186 1089 1391 1114 MCCCXIII.
1416 1081 1542 1116 Oratio
1556 1081 1716 1117 funebris

330 1140 373 1174 de
389 1144 503 1174 morte
521 1139 669 1173 Roberti
688 1139 798 1174 Kethi
817 1139 955 1174 abbatis
974 1138 1170 1172 Deirensis.

664 1312 961 1348 GULIELMUS
986 1313 1235 1348 DOUGLAS.
1288 1316 1370 1348 401.

330 1432 577 1466 GULIELMUS
604 1430 831 1476 Douglasius,
863 1430 970 1464 abbas
1000 1429 1148 1464 Mailros
1177 1430 1320 1464 doctiss.
1351 1430 1458 1464 simul
1489 1436 1524 1465 et
1553 1431 1711 1466 nobiliss.

331 1502 370 1524 eo
388 1495 544 1533 tempore
562 1500 632 1533 quo
651 1500 705 1522 res
725 1489 761 1522 in
780 1488 898 1522 Scotia
915 1488 1120 1522 turbulento
1139 1488 1330 1521 admodum
1348 1492 1446 1522 statu
1468 1489 1654 1529 nutabant,
1681 1495 1716 1523 et

330 1548 496 1592 quoniam
508 1548 545 1580 in
560 1548 719 1592 catalogo
732 1547 826 1579 illius
840 1546 931 1579 sedis
943 1550 1162 1585 numeratur,
1175 1550 1209 1579 et
1222 1550 1276 1580 est
1286 1546 1445 1579 omnium
1458 1547 1553 1580 illius
1560 1546 1717 1581 familiae

330 1606 541 1650 scriptorum
560 1605 834 1643 vetustissimus,
853 1604 910 1637 hic
928 1614 970 1637 ex
989 1603 1147 1647 professo
1160 1604 1202 1637 de
1217 1604 1293 1649 ejus
1308 1604 1444 1649 origine
1458 1605 1631 1648 quaedam
1645 1616 1718 1639 non

330 1663 492 1708 vulgaria
506 1663 676 1706 aperiam.
707 1662 956 1707 Sexagesimus
971 1667 1120 1706 quartus
1134 1661 1321 1695 Scotorum
1332 1673 1396 1695 rex
1409 1667 1485 1696 erat
1498 1661 1716 1702 Soluathius,

332 1721 387 1755 vir
398 1721 552 1765 prudens
566 1726 601 1755 et
612 1720 725 1760 fortis,
739 1719 895 1765 Eugenii
908 1719 994 1754 IIX.
1009 1720 1102 1765 regis
1116 1720 1226 1753 filius:
1245 1725 1368 1754 contra
1378 1720 1473 1754 hunc
1486 1732 1579 1754 anno
1593 1722 1717 1755 salutis

333 1787 541 1812 DCCLXVII.
561 1783 639 1812 orta
656 1778 840 1822 perduellii
859 1779 945 1817 lues,
970 1778 1056 1811 duce
1080 1777 1207 1811 Banno
1234 1777 1465 1818 Hebridiano,
1490 1779 1540 1812 ait
1562 1778 1718 1813 Joannes

332 1836 498 1870 Leslaeus
524 1837 583 1870 lib.
605 1845 659 1869 IV.
687 1847 768 1881 pag.
788 1845 930 1869 CLXXI.
957 1836 1013 1869 vel
1040 1835 1280 1870 Makdonaldo
1299 1836 1437 1876 Banno,
1461 1836 1598 1870 insulae
1621 1836 1718 1881 Tyre

330 1894 522 1938 toparcha3
549 1899 584 1928 et
602 1894 686 1927 dum
711 1894 868 1937 quotidie
891 1893 1035 1927 rebellio
1053 1894 1146 1927 vires
1165 1894 1338 1933 sumebat,
1361 1905 1424 1927 rex
1451 1894 1518 1928 sibi
1544 1900 1717 1934 metuens,

333 1952 529 1996 conscripto
547 1952 704 1985 exercitu
722 1951 960 1995 perduellibus
979 1951 1144 1991 occurrit,
1169 1963 1257 1996 quos
1282 1951 1379 1985 fusos
1404 1952 1441 1985 in
1464 1963 1589 1996 rupem
1608 1963 1719 1996 quan-

333 2010 414 2043 dam
432 2010 560 2043 editam
581 2009 617 2042 in
635 2009 854 2053 provinciam
873 2008 1029 2042 Lornam
1048 2009 1230 2053 compulit,
1248 2009 1310 2043 ubi
1334 2009 1427 2043 fame
1451 2010 1588 2049 domiti,
1616 2021 1719 2054 erup-

334 2068 464 2101 tionem
491 2072 686 2107 tentarunt,
713 2071 748 2100 et
772 2068 865 2111 regis
890 2066 1018 2110 copias,
1043 2066 1133 2100 nihil
1150 2068 1220 2100 tale
1238 2072 1431 2111 sperantes,
1450 2067 1634 2111 inopinato
1660 2079 1721 2113 ag-

334 2125 456 2170 gressi,
475 2124 667 2159 fortissime
685 2125 915 2163 assultarunt,
933 2124 1146 2168 penitusque
1164 2125 1398 2165 attrivissent,
1413 2126 1482 2158 nisi
1502 2126 1558 2158 vir
1575 2126 1719 2169 quidam

335 2182 461 2216 nobilis
487 2194 566 2216 cum
593 2194 737 2216 suorum
764 2193 873 2216 manu
899 2182 976 2226 ipso
1004 2187 1136 2226 puncto
1164 2183 1424 2222 intervenisset,
1455 2183 1517 2227 qui
1547 2183 1720 2229 fugitivos

335 2240 526 2279 retrahens,
545 2241 582 2273 in
600 2241 707 2274 aciem
727 2240 865 2285 magnis
882 2239 1030 2280 viribus,
1050 2241 1247 2285 majorique
1265 2241 1393 2280 animo,
1412 2241 1624 2284 irrumpens,
1645 2252 1722 2285 per-

334 2297 466 2330 duelles
484 2298 534 2330 ita
551 2298 769 2336 coercuisset,
788 2303 828 2331 ut
846 2298 1009 2331 omnibus
1027 2297 1224 2344 profligatis
1243 2298 1317 2342 ipse
1337 2298 1484 2332 Bannus
1508 2299 1543 2332 in
1570 2303 1722 2342 potesta-

336 2359 406 2387 tem
426 2355 561 2388 venerit
580 2355 693 2394 vivus,
712 2360 834 2398 postea
851 2356 1039 2389 necandus.
1080 2355 1159 2389 Rex
1179 2361 1279 2390 tanto
1296 2361 1394 2390 metu
1412 2356 1581 2390 liberatus
1601 2356 1722 2389 sedulo

336 2412 486 2459 rogavit,
511 2412 589 2458 quis
616 2413 673 2446 ille
700 2414 755 2447 vir
781 2413 883 2447 fortis
910 2413 1046 2453 fuisset,
1073 2414 1133 2458 qui
1161 2418 1233 2447 tam
1260 2418 1458 2458 opportune
1483 2413 1721 2447 interveniens
