2032 2912
679 339 855 373 GENTIS
881 336 1159 376 SCOTORUM,
1185 336 1275 369 LIB.
1300 336 1359 368 IV.
1655 335 1719 366 233

323 442 342 456 ‘⁴
358 436 424 471 Vir
437 435 592 476 doctus,''
607 435 658 469 ait
671 434 911 480 lvolfgangus
930 433 1062 467 Lazius
1081 432 1142 466 lib.
1158 440 1229 465 vn.
1250 431 1399 477 Migrat.
1421 429 1526 465 Gent.
1570 429 1719 474 Scripsit

471 493 596 528 Vitam
613 491 785 536 Leopoldi
805 490 1025 525 Marchionis
1044 490 1216 524 Austriae
1388 488 1447 523 lib.
1467 497 1492 522 Ι.
1545 487 1580 522 Is
1599 492 1721 532 postea

519 552 558 585 in
592 554 798 585 sanctorum
831 549 964 582 relatus
1003 558 1204 587 numerum,
1245 547 1420 581 secundus
1454 545 1625 580 Austriae
1659 555 1721 589 pa-

522 613 648 643 tronus
675 607 815 646 colitur,
843 606 907 639 diu
936 605 1032 639 enim
1060 609 1143 639 ante
1171 605 1273 638 illum
1304 605 1437 638 ascitus
1463 604 1503 638 in
1529 607 1720 648 patronum

521 666 566 700 ab
593 676 635 699 ea
663 668 770 711 gente
799 663 919 698 fuerat
945 662 981 697 S.
1011 662 1242 702 Colmannus,
1268 662 1325 696 uti
1353 662 1415 697 lib.
1444 670 1505 696 111.
1534 671 1643 706 supra
1668 670 1721 693 os-

523 721 635 755 tendi.

373 779 515 814 Claruit
532 790 627 813 anno
646 786 825 812 MCLV111.

697 893 909 928 SAMUEL
934 892 1213 928 DEIRANUS.
1267 894 1352 927 423.

326 1012 503 1045 SAMUEL
538 1010 728 1050 Deiranus,
764 1009 960 1044 monachus
995 1009 1261 1050 Benedictinus,
1298 1021 1320 1043 a
1353 1008 1464 1043 Deira
1498 1008 1727 1042 celeberrimo

326 1069 533 1103 Buchaniae
567 1068 735 1102 coenobio
769 1068 821 1102 sic
850 1072 1010 1108 vocatus,
1041 1067 1099 1101 vir
1128 1067 1200 1102 fuit
1233 1067 1279 1101 ad
1313 1067 1525 1100 miraculum
1560 1066 1728 1100 omnibus

328 1127 429 1161 bonis
466 1126 603 1161 artibus
638 1126 811 1166 eruditus,
855 1126 1044 1170 praecipue
1084 1125 1357 1166 mathematicis,
1402 1125 1441 1158 in
1484 1124 1613 1170 quibus
1652 1127 1730 1157 tan-

328 1192 407 1219 tum
435 1183 558 1219 floruit
588 1188 624 1218 et
649 1184 825 1224 excelluit,
854 1189 895 1218 ut
921 1195 943 1217 a
968 1184 1078 1230 vulgo
1103 1194 1230 1229 magus
1261 1183 1478 1223 haberetur3
1517 1193 1643 1216 revera
1668 1192 1730 1215 na-

328 1249 430 1277 turae
460 1242 632 1287 mysteria
662 1241 749 1276 adeo
779 1242 992 1286 penetravit,
1023 1245 1065 1275 ut
1095 1241 1186 1274 nihil
1218 1241 1257 1275 in
1286 1241 1331 1275 iis
1358 1241 1390 1274 ei
1417 1241 1595 1275 occultum
1622 1239 1726 1274 foret.

329 1300 428 1334 Mira
461 1300 744 1344 praedictionum
776 1299 958 1339 felicitate,
990 1298 1092 1332 varia
1122 1299 1269 1344 reliquit
1300 1299 1437 1345 ingenii
1472 1298 1528 1332 sui
1556 1298 1730 1332 rarissimi

329 1361 572 1398 monumenta,
598 1357 661 1392 sed
686 1357 732 1391 ad
757 1368 814 1391 me
839 1368 1036 1402 paucorum
1066 1356 1183 1401 apices
1209 1361 1461 1401 pervenerunt.
1514 1355 1559 1389 In
1584 1355 1640 1389 his
1669 1355 1732 1388 ha-

330 1416 484 1450 bentur:

479 1472 643 1507 Canones
660 1472 880 1519 Astrologici
1280 1472 1341 1506 lib.
1362 1480 1387 1505 1.

481 1530 692 1576 Principum
710 1531 937 1576 quorundam
956 1529 1159 1575 Horoscopi
1282 1530 1344 1564 lib.
1366 1538 1390 1563 1.

481 1588 748 1623 Praedictiones
773 1600 915 1623 veraces
939 1599 1046 1633 super
1070 1588 1166 1622 Casu
1191 1588 1391 1634 Religionis
1417 1588 1513 1632 apud
1539 1587 1672 1628 Scotos,
1701 1593 1735 1621 et

529 1647 690 1692 ejusdem
707 1658 802 1681 nova
818 1646 1107 1685 Restauratione,
1282 1645 1344 1679 lib.
1365 1655 1389 1679 1.

484 1703 722 1750 Theologicae
739 1704 973 1738 Collectiones
990 1715 1056 1748 pro
1073 1702 1302 1748 Astrologica
1321 1702 1477 1737 Scientia
1573 1702 1633 1736 lib.
1654 1710 1679 1734 1.

385 1762 487 1797 Obiit
512 1773 605 1796 anno
631 1771 830 1796 MDXLVII.
883 1761 1051 1806 Sepultus
1078 1772 1151 1794 non
1176 1761 1282 1806 longe
1308 1759 1534 1805 Edimburgo
1557 1760 1595 1793 in
1618 1760 1735 1805 cujus-

336 1822 419 1855 dam
437 1820 507 1854 viri
525 1820 738 1854 nobilissimi
756 1820 894 1859 sacello,
918 1830 1072 1864 quocum
1090 1818 1251 1865 ejusdem
1274 1818 1392 1852 sacelli
1416 1818 1588 1863 imagines
1614 1828 1735 1852 omnes

338 1879 447 1914 etiam
466 1878 626 1923 sepultae
643 1888 684 1912 ac
701 1877 915 1912 reconditae.

793 2019 795 2022 -
844 1992 1097 2028 DRUYDES.
1151 1994 1234 2027 424.

339 2111 542 2145 DRUYDES
577 2112 634 2145 vel
667 2109 847 2155 Dryudes‚
886 2108 1088 2155 philosophi
1127 2109 1379 2154 antiquissimi,
1418 2121 1439 2143 a
1477 2108 1582 2154 Druy
1622 2107 1738 2143 Celta-

340 2180 421 2203 rum
458 2180 552 2215 rege,
594 2173 638 2203 ut
671 2169 798 2203 volunt
837 2167 1040 2213 Stephanus
1076 2166 1300 2207 Forcatulus,
1344 2172 1379 2201 et
1417 2166 1574 2201 Joannes
1617 2163 1737 2201 Picar-

341 2227 408 2262 dus
435 2227 496 2261 lib.
526 2235 569 2261 11.
597 2226 871 2271 Celtopaediae;
909 2226 965 2259 vel
991 2225 1036 2259 ab
1061 2225 1247 2259 arboribus
1274 2229 1309 2259 et
1335 2225 1423 2259 lucis
1449 2225 1487 2259 in
1513 2225 1654 2269 quibus,
1681 2225 1739 2258 de-

341 2285 480 2320 clinatis
498 2285 659 2325 urbibus,
682 2290 725 2319 ut
741 2284 851 2318 sacris
869 2284 1008 2318 facilius
1027 2287 1205 2322 vacarent,
1231 2282 1453 2317 habitabant.
1480 2282 1516 2316 A
1535 2282 1737 2322 Britannia,

342 2344 378 2377 id
398 2348 462 2384 est,
482 2343 611 2383 Scofia,
629 2343 691 2378 ubi
716 2346 835 2377 ortum
858 2342 1025 2376 habuisse
1043 2341 1205 2375 scribunt
1231 2340 1362 2375 Caesar
1386 2341 1448 2376 lib.
1468 2350 1522 2375 VI.
1551 2340 1739 2375 Commen-

342 2401 468 2436 tarior.
498 2400 627 2435 Strabo
656 2401 717 2436 lib.
747 2409 784 2434 v.
816 2400 1018 2446 Geograph.
1055 2398 1203 2433 Tacitus
1238 2400 1276 2433 in
1309 2398 1491 2446 Agricola,
1525 2403 1561 2433 et
1595 2399 1668 2439 alii,
1703 2399 1741 2432 in

343 2456 477 2492 Gallias
513 2458 689 2499 translati,
725 2457 816 2492 mira
850 2456 1125 2502 philosophandi
1161 2457 1309 2492 scientia
1349 2457 1605 2492 inclaruerunt.
1650 2455 1739 2490 Late
