2032 2912
322 318 387 349 280
709 315 943 349 HISTORIA
967 314 1344 348 ECCLESIASTICA

328 413 433 448 Gent.
452 412 604 459 AngloJ.
624 423 699 457 cap.
721 420 811 445 XIX·
838 416 859 431 ‘⁶
877 411 971 446 Erat
994 411 1052 446 vir
1071 412 1139 446 iste
1160 412 1203 446 de
1221 411 1444 446 nobilissimo
1463 410 1651 447 Scotorum
1670 425 1731 460 ge-

328 483 420 511 nere,
439 471 501 505 sed
518 472 623 517 longe
647 470 768 504 animo
791 469 945 504 nobilior
968 481 1077 516 quam
1100 470 1239 505 carne.”
1292 469 1348 504 De
1373 469 1409 504 S.
1434 469 1604 509 Fursaeo,
1628 472 1730 518 cujus

329 529 423 563 hunc
449 533 613 563 nostrum
639 528 750 562 fuisse
777 527 925 562 fratrem
948 533 1073 573 postea
1100 528 1268 569 ostendit,
1295 528 1356 562 sed
1381 525 1584 562 Fullanum
1603 534 1729 564 vocat:

327 592 347 607 “
365 587 421 621 cui
441 587 642 621 animarum
663 598 784 621 curam
804 591 839 620 et
859 587 1065 621 monasterii
1084 592 1206 622 sancto
1232 588 1424 622 admodum
1448 588 1528 621 viro
1550 588 1728 633 reliquit,''

325 649 366 678 ut
393 645 553 689 loquitur
579 645 748 690 anonymi
777 645 932 684 auctoris
963 646 1137 690 scriptum
1167 646 1357 680 recitatum
1388 657 1409 680 a
1439 644 1546 679 Surio
1580 650 1667 680 tom.
1703 655 1727 680 1.

323 702 399 737 Vit.
428 702 491 736 SS.
520 711 606 736 XVI.
633 703 811 737 Januarii.
876 702 1180 750 Martyrologium
1211 703 1417 738 Romanum
1447 715 1520 738 non
1550 704 1725 738 meminit.

323 760 472 805 Scripsit
491 772 576 795 vero

469 818 647 865 Regulam
668 819 928 854 Monachorum
1269 819 1330 854 lib.
1351 828 1377 853 1.

369 876 473 912 Vixit
491 889 585 912 anno
604 887 697 912 nel..
716 882 758 912 ut
776 878 923 923 quidam
942 878 1092 917 volunt3
1112 877 1173 910 alii
1193 877 1349 922 priorem
1368 877 1601 918 contendunt,
1620 878 1725 912 collo-

319 940 438 970 cantes
456 947 538 970 eum
557 937 594 970 in
613 948 707 970 anno
726 944 875 969 Dxcm.
894 940 936 969 ut
954 935 1172 982 Sigebertus.

521 1053 557 1087 S.
587 1050 906 1086 FRIDELINUS
933 1060 1025 1085 SIVE
1052 1050 1378 1085 WINFREDUS.
1432 1053 1518 1086 515.

317 1169 352 1204 S.
373 1169 648 1209 FRIDELINUS,
668 1168 916 1213 Sequanorum
936 1169 1130 1212 apostolus,
1155 1167 1398 1214 Wolfgangus
1417 1167 1551 1202 Lazius
1569 1169 1721 1213 praefat.

315 1229 358 1262 de
377 1228 527 1274 Migrat.
556 1227 663 1262 Gent.
691 1239 765 1267 seu,
794 1231 836 1260 ut
862 1227 923 1260 alii
951 1231 1091 1267 vocant,
1121 1231 1142 1245 “
1161 1225 1382 1266 Fridolinus,
1411 1225 1598 1260 Scotorum
1625 1229 1720 1274 regis

315 1286 408 1320 filius
419 1287 451 1320 :”
469 1288 560 1320 male
578 1285 716 1320 Anton.
739 1285 924 1320 Possevin.
944 1290 1031 1319 tom.
1048 1294 1073 1318 Ι.
1089 1284 1227 1329 Appar.
1247 1284 1344 1319 Sacr.
1363 1295 1446 1331 pag.
1467 1293 1582 1319 DXVI.
1604 1290 1624 1305 “
1639 1286 1721 1320 Sco-

315 1350 433 1378 torum
464 1345 559 1390 regis
590 1344 724 1378 filium’'
753 1345 932 1388 appellat:
964 1344 1009 1377 ob
1037 1343 1246 1389 religiosum
1272 1343 1526 1389 peregrinandi
1559 1345 1719 1379 studium

314 1414 509 1449 cognomen
528 1403 560 1436 ei
578 1402 739 1436 fecerunt
763 1399 911 1441 Viator;
937 1402 1007 1436 nisi
1033 1401 1150 1441 fallor,
1177 1400 1365 1447 Dongardi
1392 1410 1496 1436 XLII.
1522 1402 1629 1443 filius,
1662 1404 1719 1437 vel

315 1460 472 1495 Conrani
500 1469 597 1494 XLV.
629 1460 736 1506 regis.
780 1459 886 1494 Joan.
914 1459 1084 1494 Leslaeus
1110 1459 1171 1493 lib.
1200 1468 1255 1493 1v.
1283 1470 1365 1505 pag.
1393 1468 1540 1494 CXLIII.
1587 1460 1717 1495 Petrus

314 1519 538 1564 Cratepolius
569 1519 607 1552 in
642 1518 764 1563 Episc.
797 1518 1011 1552 Germaniae
1041 1529 1123 1564 pag.
1157 1526 1242 1551 LXI.
1275 1518 1326 1551 ait
1355 1517 1458 1552 illum
1489 1518 1717 1565 Augustanis

312 1578 538 1624 evangelium
581 1577 814 1621 praedicasse,
858 1588 898 1610 ac
941 1577 1069 1610 deinde
1113 1575 1370 1610 Glaronensem
1415 1577 1589 1620 populum
1636 1577 1717 1611 reli-

311 1637 417 1682 gione
452 1634 659 1669 Christiana
699 1635 871 1668 instituit.
941 1634 1122 1675 Mortuus,
1166 1634 1274 1668 etiam
1309 1634 1565 1668 miraculorum
1600 1636 1716 1681 gloria

311 1694 487 1734 illustris;
516 1693 622 1727 vivus
641 1697 762 1726 autem
786 1692 897 1726 bonas
922 1697 1016 1727 artes
1041 1693 1104 1726 diu
1129 1692 1168 1726 in
1195 1691 1321 1726 Galliis
1348 1691 1481 1732 docuit,
1507 1697 1550 1727 ut
1576 1692 1717 1739 Gaspar

312 1751 511 1786 Bruschius
542 1756 679 1785 centur.
713 1760 737 1784 I.
771 1750 1067 1785 Germanicorum
1104 1750 1434 1792 Monasteriorum3
1463 1763 1485 1785 a
1513 1750 1716 1786 Clodovaeo

309 1821 392 1856 rege
427 1809 614 1857 magnifice
649 1809 796 1855 adjutus
831 1810 1041 1844 coenobium
1075 1821 1189 1844 unum
1233 1809 1348 1843 erexit
1391 1809 1587 1850 Pictaviae,
1631 1810 1715 1845 inde

310 1869 404 1903 enim
434 1880 455 1903 a
485 1868 531 1902 D.
564 1867 707 1902 Hilario
739 1869 921 1913 apostolus
949 1868 1161 1908 destinatus,
1188 1873 1230 1902 ut
1261 1869 1337 1902 loco
1369 1868 1516 1903 laudato
1547 1879 1629 1915 pag.
1660 1877 1712 1903 VI.

310 1927 411 1961 testis
440 1932 493 1961 est
524 1927 669 1967 Lazius,
702 1936 745 1960 11.
777 1927 815 1960 in
840 1926 967 1972 Belgio
998 1927 1043 1960 ad
1070 1926 1271 1967 Mosellam,
1302 1935 1363 1959 111.
1397 1927 1435 1960 in
1463 1927 1545 1960 altis
1574 1926 1711 1974 Vosagi

310 1986 565 2026 cacuminibus,
607 1995 660 2019 IV.
701 1984 938 2031 Argentinae‚
979 1986 1075 2030 quod
1117 1986 1222 2031 longe
1262 1984 1582 2019 celebratissimum
1618 1986 1712 2020 inco-

308 2045 385 2078 latu
415 2043 478 2078 SS.
510 2043 707 2090 Argobasti
737 2048 771 2077 et
804 2043 991 2083 Florentii,
1023 2049 1130 2088 atque
1162 2044 1271 2078 etiam
1304 2042 1491 2077 Scotorum
1522 2043 1712 2078 monacho·

309 2113 389 2136 rum
421 2103 641 2136 domicilium
673 2101 744 2136 fuit
776 2113 888 2147 usque
919 2102 963 2136 ad
998 2102 1267 2136 subversionem
1296 2101 1441 2146 pietatis
1472 2113 1494 2136 a
1523 2100 1709 2145 Luther03

308 2168 344 2193 v.
375 2160 504 2195 Curiae
535 2161 783 2202 Rhaetiorum,
812 2168 866 2194 vl.
896 2161 934 2194 in
963 2160 1187 2206 Burgundia‚
1216 2168 1288 2194 VII.
1313 2160 1358 2194 ad
1387 2159 1557 2194 Rhenum
1582 2172 1604 2194 a
1630 2171 1711 2205 pos·

310 2218 395 2251 teris
423 2217 554 2264 Augia
582 2216 682 2253 dives
709 2219 857 2259 dictum,
884 2227 975 2252 VIII.
1003 2219 1272 2259 monasterium,
1300 2223 1335 2253 et
1356 2218 1483 2253 urbem
1509 2218 1710 2254 aedificavit.

309 2275 594 2322 Seckingensem‚
614 2278 676 2311 ubi
695 2278 795 2318 obiit,
819 2283 855 2311 et
878 2277 1032 2323 gloriose
1056 2277 1258 2322 requiescit.
1311 2276 1436 2311 Vitam
1462 2276 1539 2323 ejus
1566 2277 1709 2322 scripsit

308 2333 491 2368 Notkerus
510 2334 695 2375 Balbulus,
714 2341 749 2370 et
768 2336 843 2380 ipse
860 2335 922 2369 SS.
942 2346 1092 2369 numero
1118 2335 1306 2379 ascriptus,
1334 2340 1369 2370 et
1388 2334 1583 2369 Baltherus
1602 2335 1708 2369 Seck-

306 2392 463 2437 ingensis
482 2393 687 2433 monachus,
706 2394 950 2438 scriptumque
968 2405 1072 2427 suum
1095 2393 1257 2427 Notkero
1276 2393 1466 2433 dedicavit,
1492 2398 1534 2427 ut
1555 2393 1708 2427 habetur

307 2450 401 2495 apud
422 2449 620 2484 Henricum
640 2450 825 2485 Canisium
851 2456 937 2485 tom.
958 2460 994 2484 v.
1022 2451 1217 2496 Antiquar.
1245 2450 1406 2486 Lection.
1434 2461 1517 2497 pag.
1539 2459 1705 2484 DCCXVI.
