2032 2912
320 322 383 352 308
714 318 948 352 HISTORIA
972 318 1348 353 ECCLESIASTICA

775 472 812 507 S.
840 471 1134 509 GERNADUS.
1188 476 1273 513 572.

324 592 359 625 S.
380 590 621 631 GERNADUS,
641 589 734 625 alius
759 602 781 625 a
803 591 997 636 superiore,
1023 590 1106 626 licet
1124 591 1346 637 synchronos
1364 591 1551 638 episcopus
1571 592 1732 628 Moravi-

323 649 428 683 ensis.
478 647 646 689 Alcuino,
661 648 855 689 Clemente,
870 648 1032 692 Rabano,
1048 654 1084 684 et
1096 649 1121 684 J
1122 661 1236 685 oanne
1249 650 1295 685 ad
1310 650 1479 685 Carolum
1492 650 1670 698 Magnum
1685 652 1730 686 ab

323 707 463 741 Achaio
482 718 566 753 rege
583 708 623 742 in
647 706 801 742 Galliam
828 707 1027 750 destinatis,
1054 709 1236 743 ecclesiam
1262 720 1365 744 suam
1390 709 1450 744 ille
1476 709 1572 744 domi
1598 721 1729 757 magua

325 766 575 808 sollicitudine,
593 767 728 812 pietate
745 766 894 813 majore,
913 766 1019 802 rexit.
1072 766 1225 812 Scripsit

470 823 527 858 De
544 828 698 870 utroque
716 823 950 859 Testamento
1224 823 1287 859 lib.
1307 833 1333 858 1.

472 881 529 917 De
548 882 727 927 Tempore
745 881 854 928 Legis
873 886 909 917 et
927 881 1073 918 Gratiae
1225 882 1287 917 lib.
1308 890 1334 916 1.

471 940 528 975 De
546 940 733 975 Laudibus
752 940 932 985 Deiparae
950 940 1089 976 Mariae
1220 940 1282 975 lib.
1303 949 1329 975 I.
1356 944 1393 976 et
1413 941 1494 983 alia,
1519 952 1610 987 quae
1628 943 1732 977 scele-

522 1002 600 1033 stus
619 998 773 1033 Balaeus
791 997 923 1045 Anglis
941 999 1120 1034 attribuit.

375 1056 516 1092 Claruit
534 1067 628 1091 anno
646 1064 831 1091 Deccxn.
885 1056 1027 1092 Colitur
1044 1057 1187 1102 templis
1205 1056 1283 1092 Deo
1309 1057 1377 1092 sub
1403 1058 1482 1105 ejus
1508 1058 1732 1093 invocatione

324 1115 577 1162 ubique.regni
595 1115 733 1156 erectis,
751 1119 788 1149 et
805 1115 877 1149 aris
895 1115 1078 1157 dedicatis,
1097 1116 1154 1150 die
1171 1124 1263 1150 VIII.
1283 1114 1512 1151 Novembris.
1566 1116 1731 1152 Breviar.

326 1173 474 1209 Scotica.

790 1290 826 1325 S.
856 1289 1126 1326 GILLENUS.
1181 1293 1265 1329 573.

325 1409 359 1442 S.
380 1407 598 1442 GlLLENUs
613 1407 733 1448 abbas,
747 1407 1046 1453 peregrinationis
1066 1407 1100 1442 S.
1118 1407 1333 1443 Columbani
1350 1407 1467 1442 socius
1483 1418 1523 1442 ac
1536 1407 1731 1453 discipulus

326 1466 524 1501 indefessus
550 1477 614 1511 per
640 1465 863 1506 Britannias,
890 1464 1038 1506 Gallias,
1064 1465 1288 1506 Germanias,
1315 1469 1351 1500 et
1371 1465 1526 1500 Italiam.
1574 1464 1598 1498 J
1600 1476 1731 1500 oannes

327 1524 448 1571 Major
468 1525 529 1559 lib.
550 1533 593 1559 ΙΙ.
614 1524 755 1559 Histor.
774 1523 931 1570 Magnae
948 1523 1161 1559 Britanniae
1179 1534 1256 1568 cap.
1275 1531 1349 1558 VII.
1402 1523 1553 1568 Scripsit

474 1581 667 1628 Speculum
685 1581 793 1618 Vitae
810 1582 988 1616 humanae
1223 1582 1286 1616 lib.
1306 1591 1332 1616 1.

474 1640 660 1686 Epistolas
678 1641 723 1675 ad
740 1639 887 1675 Fratres
1225 1639 1287 1674 lib.
1308 1648 1333 1673 1.

374 1698 531 1734 Vivebat
549 1710 643 1734 anno
662 1707 761 1733 DXL.
779 1709 844 1733 nec
861 1699 966 1744 plura
982 1699 1027 1734 de
1044 1709 1085 1734 eo
1102 1698 1230 1743 reperi.

772 1815 808 1849 S.
837 1813 1143 1850 GISIBARIUS.
1197 1815 1280 1853 574.

326 1934 360 1967 S.
391 1933 629 1968 G15113AR1Us
660 1933 858 1978 presbyter,
889 1931 1005 1967 socius
1035 1930 1073 1966 S.
1104 1931 1285 1966 Rudberti
1317 1929 1427 1972 Scoti,
1455 1942 1496 1966 ac
1523 1931 1730 1977 discipulus,

326 1992 367 2024 de
394 2002 465 2036 quo
495 1990 531 2025 S.
560 1990 763 2025 Eberhardi
790 1990 986 2036 discipulus
1013 1991 1109 2035 apud
1136 1990 1323 2024 Canisium
1350 1994 1436 2024 tom.
1466 1999 1509 2024 11.
1537 1989 1730 2035 Antiquar.

327 2050 488 2084 Lection.
513 2061 595 2096 pag.
623 2058 748 2083 ceLn.
777 2054 798 2069 “
823 2057 913 2083 VIII.
940 2049 1075 2084 calend.
1104 2048 1250 2083 Octobr.
1278 2049 1468 2083 translatio
1492 2048 1527 2083 S.
1553 2048 1730 2083 Rudberti

330 2107 496 2152 episcopi,
523 2118 615 2152 quae
640 2108 735 2142 facta
761 2112 815 2142 est
841 2107 887 2142 ab
911 2107 1076 2153 episcopo
1101 2107 1269 2154 Virgilio,
1298 2106 1362 2152 qui
1388 2105 1460 2141 fuit
1478 2114 1568 2140 VIII.
1596 2107 1641 2140 ab
1659 2107 1731 2147 illo,

327 2177 405 2199 <rum
425 2177 496 2210 quo
516 2166 703 2201 transtulit
722 2170 758 2200 et
782 2166 871 2200 duos
894 2165 1121 2211 presbyteros
1148 2165 1225 2212 ejus
1252 2165 1288 2200 S.
1307 2165 1551 2199 Chunialdum
1579 2169 1615 2199 et
1637 2163 1731 2199 Gisi-

328 2224 478 2263 barium,
497 2235 649 2269 quorum
670 2224 859 2265 festivitas,
877 2224 963 2270 quia
980 2225 1080 2259 nullo
1098 2224 1155 2258 die
1172 2224 1211 2258 in
1229 2235 1324 2258 anno
1347 2223 1512 2264 habetur,
1532 2224 1654 2258 eodem
1674 2224 1731 2257 die

327 2282 541 2316 nominatim
571 2283 609 2317 in
640 2283 718 2327 ipsa
752 2283 798 2317 ad
832 2294 942 2328 quam
969 2283 1135 2317 translati
1165 2283 1322 2323 ecclesia,
1355 2286 1532 2317 statutum
1561 2286 1615 2316 est
1646 2282 1732 2315 cele-

327 2340 456 2373 brari.”
508 2339 630 2375 Scotos
656 2341 721 2375 hos
748 2342 838 2376 duos
862 2341 974 2375 fuisse
999 2341 1123 2375 scribit
1148 2341 1280 2376 diserte
1309 2339 1345 2375 S.
1378 2340 1575 2375 Hartuicus
1602 2340 1663 2374 lib.
1688 2341 1731 2373 de

327 2397 564 2442 Synodalibus
590 2398 751 2434 Decretis
779 2400 875 2445 apud
904 2399 1190 2434 continuatorem
1217 2399 1390 2434 Forduni.
1455 2398 1624 2434 Meminit
1650 2409 1730 2432 auc-

327 2461 383 2489 tor
414 2467 616 2502 anonymus
647 2456 754 2492 Vitae
786 2457 822 2492 S.
854 2457 1033 2493 Rudberti
1065 2469 1140 2503 cap.
1174 2466 1294 2493 XVIII.
1326 2462 1412 2492 tom.
1445 2465 1498 2491 v1.
1535 2456 1727 2500 Antiquar.
