2032 2912
295 303 359 332 234
680 298 913 332 HISTORIA
939 295 1317 330 ECCLESIASTICA

299 398 434 432 Hector
454 396 626 431 Boethius
644 395 705 429 lib.
727 404 769 428 11.
790 394 929 429 Histor.
950 394 1044 428 Scot.
1069 404 1151 439 pag.
1170 401 1246 426 XII.
1298 391 1372 426 Adi
1399 390 1445 425 ad
1471 390 1511 425 C.
1539 390 1698 425 Plinium

297 456 357 490 lib.
378 464 464 489 XVI.
492 466 566 498 cap.
586 455 651 488 ult.
680 453 741 487 lib.
761 461 861 486 XXV.
889 464 964 497 cap.
985 461 1043 486 X1.
1068 456 1104 486 et
1127 451 1189 485 lib.
1215 460 1336 485 XXIX.
1362 461 1438 494 cap.
1465 459 1508 484 11.
1536 449 1696 483 Caelium

298 513 493 559 Rhodigin.
522 512 582 546 lib.
608 521 730 546 XV111.
763 522 838 555 cap.
865 520 954 545 XXI.
1007 510 1151 545 Horum
1177 509 1442 554 philosophiam
1467 508 1627 542 maxima
1654 518 1697 540 ex

297 576 398 616 parte
416 571 621 615 complexus
640 574 694 604 est
716 569 897 616 Diogenes
922 568 1090 603 Laertius
1108 568 1290 613 prooemio
1317 567 1434 612 operis
1461 567 1517 600 sui
1544 567 1587 599 de
1610 565 1700 600 Vita

298 629 610 673 Philosophorum,
646 627 745 675 σέβειν
772 625 864 668 θεοὺς,
893 625 951 662 καὶ
975 624 1065 674 μηδὲν
1090 624 1190 661 κακὰν
1220 623 1304 674 δξᾷν,
1333 623 1390 660 καὶ
1420 622 1555 672 ἀνδξείαν
1581 624 1696 665 ἀσκεῖν,

299 693 319 706 “
347 688 459 720 colere
485 687 580 727 deos,
607 687 699 720 nihil
725 686 810 720 mali
836 685 962 727 facere,
991 685 1241 720 fortitudinem
1268 684 1463 718 exercere.’'
1526 683 1641 717 Primi
1673 684 1699 716 ii

297 746 516 779 immortales
535 756 609 778 esse
628 746 765 778 animas
784 745 992 784 docuerunt,
1011 744 1118 788 idque
1135 743 1295 787 prodidit
1313 742 1516 776 Clitarchus
1541 742 1601 775 lib.
1622 750 1697 775 XII.

298 802 464 836 Laertius
488 802 618 836 ibidem
646 802 725 843 loci,
759 802 854 847 quod
885 802 1028 847 egregio
1057 801 1275 835 mutuandae
1301 800 1472 844 pecuniae
1498 804 1698 834 commento

298 860 564 894 confirmarunt.
598 859 700 894 Vale.
714 860 813 894 Max.
828 859 889 893 lib.
906 868 931 892 1.
950 871 1025 903 cap.
1042 868 1085 892 ΙΙ.
1111 858 1154 892 Id
1167 858 1375 903 disciplinae
1392 868 1506 904 genus
1524 857 1699 901 expressit

297 918 349 952 M.
370 918 538 952 Lucanus
557 918 617 952 lib.
639 928 663 951 Ι.
686 917 846 951 Pharsal.
867 928 959 951 vers.
979 925 1137 950 CCCCLI.

560 983 600 1011 Et
614 993 663 1011 vos
677 982 836 1010 barbaricos
850 981 933 1015 ritus,
948 990 1114 1019 moremque
1129 980 1279 1009 sinistrum

564 1030 725 1063 Sacrorum,
741 1029 882 1064 Druidae,
897 1029 998 1068 positis
1012 1028 1159 1066 repetistis
1174 1028 1209 1056 ab
1223 1028 1319 1056 armis,

562 1077 636 1106 Solis
651 1087 732 1106 nosse
747 1077 825 1111 deos,
839 1082 869 1105 et
883 1076 954 1105 coeli
968 1076 1088 1104 numina
1102 1076 1191 1109 vobis,

559 1126 623 1154 Aut
638 1125 704 1153 solis
718 1126 828 1153 nescire
843 1124 943 1153 datum
955 1135 962 1152 ε
985 1134 1101 1153 nemora
1115 1124 1173 1152 alta
1187 1125 1305 1153 remotis

561 1172 692 1201 Incolitis
707 1172 798 1201 lucis:
820 1173 900 1201 vobis
914 1172 1079 1201 auctoribus
1093 1172 1212 1200 umbrae

561 1221 627 1249 Non
643 1221 744 1249 tacitas
760 1220 848 1249 Erebi
863 1220 953 1255 sedes,
970 1220 1107 1258 Ditisque
1122 1219 1259 1258 profundi

560 1268 671 1297 Pallida
686 1279 775 1307 regna
789 1273 911 1297 tenent:
935 1268 1011 1306 regit
1026 1267 1103 1296 idem
1119 1267 1239 1306 spiritus
1253 1271 1333 1296 artus

561 1316 641 1345 Orbe
656 1316 720 1349 alio,
735 1316 837 1355 longae
852 1316 956 1344 canitis
970 1316 994 1344 si
1008 1315 1123 1354 cognita
1136 1315 1224 1344 vitae.

348 1383 424 1417 Hos
451 1383 516 1417 etsi
539 1383 702 1417 nonnulli
727 1382 979 1429 Augustorum
1004 1382 1160 1416 Romani
1187 1382 1328 1426 imperii
1354 1381 1484 1417 finibus
1512 1384 1698 1418 excludere

297 1445 504 1480 tentassent,
523 1441 702 1475 retinuere
721 1445 842 1474 tamen
866 1441 1028 1475 studiosa
1050 1440 1233 1486 religionis
1257 1440 1484 1475 observantia
1506 1446 1695 1482 nostrates,

297 1505 331 1532 et
349 1499 471 1543 populi
491 1499 651 1543 plerique
670 1499 742 1533 alii.
788 1498 957 1532 Meminit
970 1497 1050 1532 Ael.
1070 1498 1255 1542 Lamprid.
1275 1498 1313 1531 in
1326 1497 1536 1533 Alexandro
1554 1499 1696 1539 Severo⁷

296 1557 350 1589 Fl.
371 1556 514 1600 Vopisc.
534 1557 571 1589 in
589 1556 799 1597 Aureliano,
820 1561 855 1591 et
873 1557 911 1590 in
929 1555 1163 1590 Numeriano.
1203 1555 1344 1590 Horum
1365 1568 1469 1590 curae
1487 1562 1697 1603 magnatum

295 1614 395 1647 liberi
415 1615 510 1658 apud
528 1620 704 1648 nostrates
723 1615 913 1654 commissi,
933 1626 954 1648 a
971 1615 1101 1659 quibus
1119 1618 1254 1648 rectam
1280 1614 1427 1648 virtutis
1451 1616 1697 1659 adipiscendae

294 1672 469 1705 rationem
488 1673 729 1706 edocerentur.
784 1672 927 1706 Horum
953 1673 1116 1716 princeps
1134 1672 1206 1706 fuit
1230 1671 1265 1705 S.
1286 1671 1541 1714 Columbanus‚
1567 1678 1609 1707 ut
1635 1674 1695 1708 lib.

297 1738 354 1762 111.
374 1730 441 1763 hoc
459 1741 563 1774 opere
583 1730 670 1764 dixi.
724 1730 929 1764 Successere
947 1733 1070 1774 postea
1087 1730 1125 1763 in
1143 1741 1267 1764 eorum
1288 1731 1417 1770 locum,
1436 1731 1696 1772 auctoritatem,

295 1794 329 1821 et
347 1798 429 1831 opes
448 1788 623 1821 monachi.
677 1787 885 1822 Scribebant
903 1788 964 1822 isti

443 1845 498 1879 De
517 1846 640 1879 divino
659 1845 770 1880 Cultu
1188 1847 1249 1880 lib.
1271 1856 1296 1880 1.

442 1904 496 1937 De
515 1903 714 1949 Religionis
734 1903 850 1937 Sacris
1189 1905 1251 1939 lib.
1274 1914 1298 1938 Ι.

442 1961 497 1995 De
516 1961 746 1995 Fortitudine
764 1961 889 1995 bellica
1122 1974 1125 1977 ’
1191 1963 1252 1996 lib.
1274 1972 1299 1996 Ι.

441 2019 495 2053 De
514 2019 668 2053 Animae
688 2018 964 2053 Immortalitate
1191 2021 1252 2055 lib.
1274 2030 1299 2054 1.

443 2077 597 2111 oracula
1187 2079 1247 2113 lib.
1269 2089 1294 2113 Ι.
1320 2091 1410 2124 quae
1434 2090 1505 2114 non
1529 2081 1597 2114 viri
1623 2092 1696 2115 mo-

492 2136 547 2174 do,
566 2136 625 2169 sed
645 2136 752 2170 etiam
770 2135 923 2170 feminae
941 2137 1207 2171 consulentibus
1226 2138 1432 2172 reddebant.

347 2194 536 2228 Florebant
556 2194 599 2227 ab
618 2194 721 2227 initio
740 2195 841 2240 regni
861 2194 1013 2229 fundati.

673 2293 932 2328 GEORGIUS
957 2294 1178 2330 DUNDAS.
1232 2298 1316 2330 425.

296 2368 509 2402 GEORGIUS
570 2368 731 2407 Dundas‚
793 2368 925 2404 Graece
985 2369 1185 2415 Latineque
1244 2371 1470 2406 doctissimus
1538 2372 1694 2411 habitus,

295 2427 455 2471 equitum
524 2425 935 2470 Hierosolymitanorum
995 2429 1091 2462 intra
1146 2440 1297 2475 regnum
1358 2428 1497 2464 Scotiae
1560 2429 1695 2473 praefe-
