2032 2912
340 307 401 336 130
717 303 951 336 HISTORIA
975 302 1350 335 ECCLESIASTICA

342 400 474 434 Ibidem
492 399 569 439 loci,
588 403 623 432 et
640 398 737 432 aliud
755 409 897 432 carmen
914 397 1151 431 acrostichum
1170 401 1269 432 extat
1286 396 1453 432 Belisarii
1471 402 1595 442 poetae
1613 408 1621 431 τ

543 471 564 499 S
591 469 704 498 edulius
719 469 828 498 Christi
842 469 979 498 miracula
992 469 1121 498 versibus
1136 469 1209 498 eden

538 517 564 544 E
587 517 683 550 micat,
698 517 824 545 invitans
837 526 925 555 parva
938 516 975 546 ad
988 516 1116 545 solennia
1129 526 1230 545 mensa

537 564 566 591 D
587 565 688 602 ignum
703 564 850 592 convivam
862 575 872 598 ,·
894 574 951 593 non
965 564 1051 598 hunc,
1066 564 1117 602 qui
1131 568 1259 602 carperet
1273 563 1327 592 illu

538 610 565 637 V
593 611 625 639 ix
642 611 719 649 quod
731 611 870 640 nobilium
885 611 994 650 profert
1007 611 1115 650 triplici
1129 611 1195 640 aula
1208 616 1290 650 parat

536 657 562 685 L
589 663 686 687 aetum
701 657 776 697 quod
790 658 929 697 ponitque
943 659 996 687 sub
1010 668 1096 687 aurea
1109 663 1186 687 tecta
1199 658 1316 686 tribuna

539 704 553 732 I
592 714 612 732 n
628 715 684 743 quo
697 705 868 743 gemmiferi,
882 710 983 744 totque
997 715 1083 734 aurea
1097 715 1163 733 vasa
1177 705 1283 734 canistr

536 751 563 779 V
594 752 672 780 ivida
686 762 738 791 pro
751 752 861 781 modico
874 758 991 791 portant
1005 752 1059 781 sibi
1073 751 1178 790 gaudia
1192 752 1251 780 vict

534 798 556 828 S
590 798 627 828 ed
640 799 717 837 quod
730 799 793 827 olus
807 799 873 828 vilis
886 799 1019 838 producit
1032 800 1166 838 pauperis
1180 799 1267 827 hortu

534 846 564 874 A
590 856 606 875 c
619 852 683 885 post
697 845 811 875 delitias
824 852 978 884 properant
991 847 1042 885 qui
1056 855 1169 875 sumere
1182 855 1268 883 magn

539 896 569 923 N
588 896 704 925 ituntur
715 906 834 934 parvum
850 895 1017 923 miserorum
1032 902 1166 932 spernere
1180 902 1277 931 grame

537 942 564 970 Τ
589 948 688 971 antum
704 942 779 980 quod
793 941 866 970 nihil
881 946 934 974 est,
948 940 1017 969 dum
1032 940 1074 968 nil
1088 950 1153 968 cum
1167 945 1268 968 ventre
1282 939 1403 968 tumesci

592 989 700 1018 nsidias
713 989 907 1026 membrisque
920 987 1046 1021 movens,
1061 987 1230 1025 animaeque
1244 986 1328 1015 luent

590 1036 600 1064 i
615 1041 712 1065 tamen
726 1036 771 1064 his
786 1035 907 1074 dapibus
923 1034 999 1063 vesci
1014 1034 1172 1072 dignentur
1186 1033 1269 1071 egeni

592 1088 690 1111 emnat
705 1082 821 1110 divitias
835 1082 958 1115 animus,
972 1081 1127 1120 paucisque
1140 1080 1257 1119 quiesca

590 1129 705 1168 xemplo
719 1134 867 1168 assumpto
882 1128 1011 1162 Domini,
1026 1128 1076 1166 qui
1089 1127 1181 1156 millia
1193 1128 1305 1166 quinqu

588 1177 691 1205 emotis
705 1176 827 1210 cunctis,
841 1176 960 1205 modicis
974 1175 1090 1205 satiavit
1104 1175 1139 1204 ab
1153 1175 1210 1204 esci

1432 469 1469 1203 wmqw*fflz>w:*fflcvmw

532 989 560 1204 corz-1502*

379 1261 474 1296 Tota
498 1260 729 1294 scribentium
754 1261 861 1294 turba
886 1259 1032 1294 Scotum
1058 1259 1144 1294 facit
1161 1271 1242 1293 cum
1260 1259 1448 1294 annalibus
1467 1260 1621 1302 nostris3
1651 1272 1723 1306 quo

328 1319 442 1364 magis
481 1319 593 1352 miror
630 1318 813 1364 theologos
849 1317 1088 1358 CoIonienses,
1125 1318 1163 1351 in
1197 1317 1325 1352 ultima
1359 1317 1512 1352 editione
1547 1318 1720 1353 Biblioth.

328 1375 538 1410 Sanctorum
558 1375 719 1416 Patrum‚
743 1376 844 1409 illum
867 1375 1013 1409 Scotum
1039 1386 1120 1409 cum
1147 1375 1344 1421 adjectione
1366 1373 1639 1411 Hibernensem
1660 1388 1722 1422 ap·

327 1435 498 1477 pellasse;
528 1433 623 1478 quod
640 1444 770 1467 nomen
788 1445 809 1467 a
827 1433 943 1467 sciolis
965 1437 1029 1473 est,
1051 1444 1134 1467 nam
1152 1444 1266 1478 neque
1283 1433 1434 1477 probato
1450 1435 1524 1468 ullo
1541 1434 1578 1467 id
1596 1435 1721 1469 asseri-

327 1496 388 1524 tur
404 1491 620 1531 testimonio,
638 1502 702 1524 nec
720 1502 761 1524 ea
778 1502 848 1524 vox
865 1495 1039 1535 usurpata
1057 1490 1191 1525 Sedulii
1209 1502 1296 1524 aevo
1313 1491 1521 1531 cultissimo,
1547 1492 1608 1526 sed
1625 1497 1721 1537 post-

327 1560 367 1582 ea
393 1549 438 1582 ad
464 1549 733 1594 distinguendos
760 1548 883 1582 Scotos
910 1549 1089 1582 silvestres
1115 1559 1177 1582 seu
1200 1555 1387 1582 montanos
1414 1560 1436 1582 a
1452 1549 1720 1584 mediterraneis

327 1611 361 1639 et
375 1605 559 1639 inferiores
574 1606 735 1651 regiones
750 1605 993 1639 habitantibus
1008 1606 1217 1651 excogitata.
1245 1606 1455 1640 Bucholzer.
1472 1606 1593 1641 Indice
1607 1607 1719 1642 Chro-

326 1664 442 1709 nolog.
479 1675 560 1709 pag.
594 1672 767 1696 CCLXIII.
796 1667 818 1682 ‘⁶
844 1662 889 1696 In
915 1663 1059 1696 ecclesia
1084 1663 1169 1696 clari
1195 1663 1343 1697 fuerunt
1369 1663 1534 1698 Sedulius
1560 1663 1718 1706 Scotus‚”

326 1719 390 1754 &c.
442 1720 565 1754 Vitam
584 1721 660 1766 ejus
680 1720 885 1764 compilavit
903 1718 1086 1753 Antonius
1105 1719 1349 1754 Nebrissensis
1367 1725 1512 1764 patrum
1535 1723 1717 1763 memoria,

324 1783 363 1812 ut
382 1779 417 1811 in
438 1777 661 1811 Bibliotheca
679 1778 778 1811 docet
798 1777 987 1817 Gesnerus,
1015 1781 1050 1811 et
1076 1777 1305 1822 epitomastes
1322 1777 1346 1810 J
1348 1778 1440 1812 osias
1459 1777 1643 1820 Simlerus,
1658 1781 1719 1814 sed

325 1836 482 1869 nondum
508 1836 594 1869 vidi.
646 1834 697 1869 Ut
716 1836 769 1869 illi
788 1835 949 1869 moderni
973 1834 1010 1868 in
1037 1839 1143 1881 gente
1168 1835 1283 1879 ipsius
1305 1839 1340 1869 et
1361 1836 1483 1879 patria
1509 1842 1640 1877 errant,
1667 1838 1718 1872 ita

325 1904 403 1927 cum
434 1892 617 1927 Gennadio
646 1892 863 1926 Massiliensi
889 1892 959 1926 viri
986 1893 1119 1938 magni,
1145 1893 1207 1937 qui
1234 1892 1388 1927 Carmen
1414 1904 1519 1927 suum
1551 1894 1717 1929 Paschale

326 1951 450 1983 volunt
468 1949 668 1984 Theodosio
683 1950 820 1995 juniori
835 1950 1078 1994 inscripsisse;
1098 1955 1219 1984 errant
1233 1951 1391 1995 inquam,
1407 1951 1463 1984 vel
1481 1951 1558 1995 ipso
1573 1951 1717 1987 Sedulio

325 2012 423 2047 teste,
439 2018 521 2040 nam
536 2007 572 2040 in
586 2007 805 2051 praefatione
822 2018 887 2041 sua
905 2007 949 2041 ad
968 2007 1210 2041 Theodosium
1228 2007 1437 2054 Augustum
1456 2009 1623 2049 scribens,
1638 2015 1716 2044 orat

325 2075 403 2097 eum
428 2065 646 2098 commendet
670 2075 758 2109 opus
781 2075 886 2099 suum
909 2065 1039 2098 minori
1057 2063 1224 2104 Arcadio,
1251 2066 1346 2110 quod
1372 2067 1415 2100 de
1442 2065 1642 2101 Theodosio
1656 2068 1715 2112 ju-

325 2122 414 2154 niori
434 2122 501 2154 dici
519 2132 590 2155 non
608 2126 735 2166 potest,
762 2122 819 2155 cui
836 2123 956 2156 nullus
982 2127 1058 2156 erat
1084 2121 1273 2156 Arcadius.
1325 2123 1382 2157 Sic
1409 2124 1528 2168 itaque
1555 2124 1625 2164 ille,
1655 2126 1714 2158 sed

329 2183 490 2222 corrupte
505 2189 514 2218 3
543 2184 584 2212 tu
602 2180 678 2225 lege
696 2190 845 2219 mecum,

548 2274 629 2303 Haec
643 2275 761 2313 relegas,
778 2285 929 2314 servesque
943 2275 1003 2309 diu,
1018 2275 1170 2315 tradasque
1184 2276 1286 2305 minori

548 2322 680 2356 Arcadio,
696 2322 745 2350 ille
759 2332 810 2351 suo
824 2323 921 2361 generi
932 2334 940 2357 ;
968 2323 1007 2351 sic
1021 2323 1090 2351 haec
1105 2329 1155 2352 tua
1170 2333 1281 2362 semper

549 2368 681 2406 Accipiat
695 2368 850 2407 doceatque
865 2380 928 2398 suos
942 2375 1064 2408 augusta
1078 2380 1208 2408 propago.
