<?xml version="1.0" encoding="UTF-8"?>
<!DOCTYPE html PUBLIC "-//W3C//DTD XHTML 1.0 Transitional//EN"
    "http://www.w3.org/TR/xhtml1/DTD/xhtml1-transitional.dtd">
<html xmlns="http://www.w3.org/1999/xhtml" xml:lang="en" lang="en">
 <head>
  <title>
</title>
<meta http-equiv="Content-Type" content="text/html;charset=utf-8" />
  <meta name='ocr-system' content='tesseract 3.04.00' />
  <meta name='ocr-capabilities' content='ocr_page ocr_carea ocr_par ocr_line ocrx_word'/>
</head>
<body>
  <div class='ocr_page' id='page_1' title='image "./thomaedempste2101dempuoft_0124.png"; bbox 0 0 2032 2912; ppageno 0'>
   <div class='ocr_carea' id='block_1_1' title="bbox 333 316 1339 356">
    <p class='ocr_par' dir='ltr' id='par_1_1' title="bbox 333 316 1339 356">
     <span class='ocr_line' id='line_1_1' title="bbox 333 316 1339 356; baseline -0.006 -1"><span class='ocrx_word' id='word_1_1' title='bbox 333 324 374 356; x_wconf 67' lang='lat'>62</span> <span class='ocrx_word' id='word_1_2' title='bbox 709 319 940 355; x_wconf 80' lang='lat' dir='ltr'>HISTORIA</span> <span class='ocrx_word' id='word_1_3' title='bbox 964 316 1339 352; x_wconf 86' lang='lat' dir='ltr'>ECCLESIASTICA</span> 
     </span>
    </p>
   </div>
   <div class='ocr_carea' id='block_1_2' title="bbox 478 411 1380 746">
    <p class='ocr_par' dir='ltr' id='par_1_2' title="bbox 478 411 1380 746">
     <span class='ocr_line' id='line_1_2' title="bbox 483 411 1379 460; baseline -0.007 -9"><span class='ocrx_word' id='word_1_4' title='bbox 483 417 589 451; x_wconf 88' lang='lat' dir='ltr'>Musa</span> <span class='ocrx_word' id='word_1_5' title='bbox 606 416 812 460; x_wconf 84' lang='lat' dir='ltr'>campestris</span> <span class='ocrx_word' id='word_1_6' title='bbox 1271 411 1333 446; x_wconf 92' lang='lat' dir='ltr'>lib.</span> <span class='ocrx_word' id='word_1_7' title='bbox 1354 419 1379 445; x_wconf 95' lang='lat'>1.</span> 
     </span>
     <span class='ocr_line' id='line_1_3' title="bbox 481 469 1380 519; baseline -0.007 -11"><span class='ocrx_word' id='word_1_8' title='bbox 481 472 734 519; x_wconf 86' lang='lat' dir='ltr'>Thymiamata</span> <span class='ocrx_word' id='word_1_9' title='bbox 750 472 939 507; x_wconf 76' lang='lat' dir='ltr'>Musarum</span> <span class='ocrx_word' id='word_1_10' title='bbox 1273 469 1335 503; x_wconf 89' lang='lat' dir='ltr'>lib.</span> <span class='ocrx_word' id='word_1_11' title='bbox 1355 475 1380 502; x_wconf 89' lang='lat'>1.</span> 
     </span>
     <span class='ocr_line' id='line_1_4' title="bbox 480 526 1380 576; baseline -0.004 -12"><span class='ocrx_word' id='word_1_12' title='bbox 480 530 715 576; x_wconf 87' lang='lat' dir='ltr'>Psychologia</span> <span class='ocrx_word' id='word_1_13' title='bbox 732 529 874 564; x_wconf 71' lang='lat' dir='ltr'>Medioe</span> <span class='ocrx_word' id='word_1_14' title='bbox 890 533 927 564; x_wconf 87' lang='lat' dir='ltr'>et</span> <span class='ocrx_word' id='word_1_15' title='bbox 943 526 1194 573; x_wconf 78' lang='lat' dir='ltr'>philosophica</span> <span class='ocrx_word' id='word_1_16' title='bbox 1272 526 1334 561; x_wconf 86' lang='lat' dir='ltr'>lib.</span> <span class='ocrx_word' id='word_1_17' title='bbox 1354 534 1380 560; x_wconf 93' lang='lat'>1.</span> 
     </span>
     <span class='ocr_line' id='line_1_5' title="bbox 479 583 1379 633; baseline -0.006 -11"><span class='ocrx_word' id='word_1_18' title='bbox 479 587 579 622; x_wconf 87' lang='lat' dir='ltr'>Seria</span> <span class='ocrx_word' id='word_1_19' title='bbox 596 587 710 622; x_wconf 83' lang='lat' dir='ltr'>mixta</span> <span class='ocrx_word' id='word_1_20' title='bbox 722 587 824 633; x_wconf 90' lang='lat' dir='ltr'>jocis,</span> <span class='ocrx_word' id='word_1_21' title='bbox 843 586 1004 626; x_wconf 87' lang='lat' dir='ltr'>Parisiis,</span> <span class='ocrx_word' id='word_1_22' title='bbox 1270 583 1332 618; x_wconf 86' lang='lat' dir='ltr'>lib.</span> <span class='ocrx_word' id='word_1_23' title='bbox 1353 592 1379 617; x_wconf 89' lang='lat'>1.</span> 
     </span>
     <span class='ocr_line' id='line_1_6' title="bbox 478 641 1375 690; baseline -0.004 -11"><span class='ocrx_word' id='word_1_24' title='bbox 478 644 727 679; x_wconf 88' lang='lat' dir='ltr'>Deambulatio</span> <span class='ocrx_word' id='word_1_25' title='bbox 745 643 1003 689; x_wconf 82' lang='lat' dir='ltr'>Metaphysica,</span> <span class='ocrx_word' id='word_1_26' title='bbox 1023 642 1205 690; x_wconf 83' lang='lat' dir='ltr'>Lugduni,</span> <span class='ocrx_word' id='word_1_27' title='bbox 1268 641 1329 676; x_wconf 89' lang='lat' dir='ltr'>lib.</span> <span class='ocrx_word' id='word_1_28' title='bbox 1349 650 1375 676; x_wconf 90' lang='lat'>1.</span> 
     </span>
     <span class='ocr_line' id='line_1_7' title="bbox 478 699 1374 746; baseline -0.003 -10"><span class='ocrx_word' id='word_1_29' title='bbox 478 700 610 746; x_wconf 86' lang='lat' dir='ltr'>Stirpis</span> <span class='ocrx_word' id='word_1_30' title='bbox 627 701 828 736; x_wconf 86' lang='lat' dir='ltr'>Borboniae</span> <span class='ocrx_word' id='word_1_31' title='bbox 846 700 1014 735; x_wconf 82' lang='lat' dir='ltr'><strong>Felicitas</strong></span> <span class='ocrx_word' id='word_1_32' title='bbox 1267 699 1329 734; x_wconf 84' lang='lat' dir='ltr'>lib.</span> <span class='ocrx_word' id='word_1_33' title='bbox 1348 705 1374 734; x_wconf 86' lang='lat'>1.</span> 
     </span>
    </p>
   </div>
   <div class='ocr_carea' id='block_1_3' title="bbox 331 754 1727 851">
    <p class='ocr_par' dir='ltr' id='par_1_3' title="bbox 331 754 1727 851">
     <span class='ocr_line' id='line_1_8' title="bbox 381 754 1727 804; baseline -0.004 -10"><span class='ocrx_word' id='word_1_34' title='bbox 381 759 482 794; x_wconf 81' lang='lat' dir='ltr'>Vivit</span> <span class='ocrx_word' id='word_1_35' title='bbox 512 759 637 799; x_wconf 86' lang='lat' dir='ltr'>adhuc,</span> <span class='ocrx_word' id='word_1_36' title='bbox 663 764 698 793; x_wconf 89' lang='lat' dir='ltr'>et</span> <span class='ocrx_word' id='word_1_37' title='bbox 724 759 828 804; x_wconf 87' lang='lat' dir='ltr'>plura</span> <span class='ocrx_word' id='word_1_38' title='bbox 851 757 1021 793; x_wconf 88' lang='lat' dir='ltr'>molitur:</span> <span class='ocrx_word' id='word_1_39' title='bbox 1059 757 1199 791; x_wconf 88' lang='lat' dir='ltr'>utinam</span> <span class='ocrx_word' id='word_1_40' title='bbox 1229 756 1364 794; x_wconf 82' lang='lat' dir='ltr'>sincere</span> <span class='ocrx_word' id='word_1_41' title='bbox 1393 754 1475 790; x_wconf 86' lang='lat' dir='ltr'>fidei</span> <span class='ocrx_word' id='word_1_42' title='bbox 1507 754 1727 790; x_wconf 80' lang='lat' dir='ltr'>orthodoxae</span> 
     </span>
     <span class='ocr_line' id='line_1_9' title="bbox 331 818 454 851; baseline 0 -1"><span class='ocrx_word' id='word_1_43' title='bbox 331 818 454 851; x_wconf 83' lang='lat' dir='ltr'>cultor.</span> 
     </span>
    </p>
   </div>
   <div class='ocr_carea' id='block_1_4' title="bbox 689 928 1362 965">
    <p class='ocr_par' dir='ltr' id='par_1_4' title="bbox 689 928 1362 965">
     <span class='ocr_line' id='line_1_10' title="bbox 689 928 1362 965; baseline -0.003 -1"><span class='ocrx_word' id='word_1_44' title='bbox 689 929 962 965; x_wconf 85' lang='lat' dir='ltr'>ROBERTUS</span> <span class='ocrx_word' id='word_1_45' title='bbox 987 928 1226 964; x_wconf 83' lang='lat' dir='ltr'><strong>AITONUS.</strong></span> <span class='ocrx_word' id='word_1_46' title='bbox 1281 930 1362 963; x_wconf 75' lang='lat'>112.</span> 
     </span>
    </p>
   </div>
   <div class='ocr_carea' id='block_1_5' title="bbox 324 1041 1721 1434">
    <p class='ocr_par' dir='ltr' id='par_1_5' title="bbox 324 1041 1721 1434">
     <span class='ocr_line' id='line_1_11' title="bbox 327 1041 1718 1088; baseline -0.003 -10"><span class='ocrx_word' id='word_1_47' title='bbox 327 1045 545 1080; x_wconf 69' lang='lat' dir='ltr'>Ronssnws</span> <span class='ocrx_word' id='word_1_48' title='bbox 562 1045 730 1086; x_wconf 71' lang='lat' dir='ltr'>Astonus,</span> <span class='ocrx_word' id='word_1_49' title='bbox 750 1043 861 1080; x_wconf 87' lang='lat' dir='ltr'>nobili</span> <span class='ocrx_word' id='word_1_50' title='bbox 878 1045 953 1079; x_wconf 85' lang='lat' dir='ltr'>loco</span> <span class='ocrx_word' id='word_1_51' title='bbox 970 1049 1088 1085; x_wconf 84' lang='lat' dir='ltr'>natus,</span> <span class='ocrx_word' id='word_1_52' title='bbox 1106 1053 1247 1078; x_wconf 88' lang='lat' dir='ltr'>summa</span> <span class='ocrx_word' id='word_1_53' title='bbox 1264 1041 1478 1088; x_wconf 82' lang='lat' dir='ltr'>eloquentia,</span> <span class='ocrx_word' id='word_1_54' title='bbox 1498 1041 1718 1086; x_wconf 86' lang='lat' dir='ltr'>incompara-</span> 
     </span>
     <span class='ocr_line' id='line_1_12' title="bbox 326 1099 1721 1142; baseline -0.002 -6"><span class='ocrx_word' id='word_1_55' title='bbox 326 1102 387 1136; x_wconf 87' lang='lat' dir='ltr'><strong>bili</strong></span> <span class='ocrx_word' id='word_1_56' title='bbox 406 1114 544 1137; x_wconf 92' lang='lat' dir='ltr'>morum</span> <span class='ocrx_word' id='word_1_57' title='bbox 562 1103 739 1136; x_wconf 84' lang='lat' dir='ltr'>suavitate</span> <span class='ocrx_word' id='word_1_58' title='bbox 757 1113 797 1136; x_wconf 89' lang='lat' dir='ltr'>ac</span> <span class='ocrx_word' id='word_1_59' title='bbox 814 1101 998 1142; x_wconf 84' lang='lat' dir='ltr'>modestia,</span> <span class='ocrx_word' id='word_1_60' title='bbox 1016 1102 1079 1135; x_wconf 91' lang='lat' dir='ltr'>diu</span> <span class='ocrx_word' id='word_1_61' title='bbox 1095 1102 1134 1135; x_wconf 91' lang='lat' dir='ltr'>iu</span> <span class='ocrx_word' id='word_1_62' title='bbox 1152 1101 1278 1135; x_wconf 89' lang='lat' dir='ltr'>Galliis</span> <span class='ocrx_word' id='word_1_63' title='bbox 1295 1100 1406 1135; x_wconf 91' lang='lat' dir='ltr'>bonas</span> <span class='ocrx_word' id='word_1_64' title='bbox 1433 1103 1528 1134; x_wconf 80' lang='lat' dir='ltr'>artes</span> <span class='ocrx_word' id='word_1_65' title='bbox 1553 1099 1721 1137; x_wconf 86' lang='lat' dir='ltr'>excoluit,</span> 
     </span>
     <span class='ocr_line' id='line_1_13' title="bbox 324 1156 1721 1204; baseline -0.004 -10"><span class='ocrx_word' id='word_1_66' title='bbox 324 1164 359 1194; x_wconf 85' lang='lat' dir='ltr'>et</span> <span class='ocrx_word' id='word_1_67' title='bbox 376 1160 594 1204; x_wconf 83' lang='lat' dir='ltr'>praeclarum</span> <span class='ocrx_word' id='word_1_68' title='bbox 611 1170 696 1194; x_wconf 84' lang='lat' dir='ltr'>suae</span> <span class='ocrx_word' id='word_1_69' title='bbox 713 1158 859 1193; x_wconf 89' lang='lat' dir='ltr'>virtutis</span> <span class='ocrx_word' id='word_1_70' title='bbox 877 1158 1055 1203; x_wconf 87' lang='lat' dir='ltr'><strong>specimen</strong></span> <span class='ocrx_word' id='word_1_71' title='bbox 1080 1169 1279 1203; x_wconf 90' lang='lat' dir='ltr'>nomenque</span> <span class='ocrx_word' id='word_1_72' title='bbox 1303 1157 1472 1202; x_wconf 87' lang='lat' dir='ltr'>reliquit:</span> <span class='ocrx_word' id='word_1_73' title='bbox 1499 1156 1643 1190; x_wconf 88' lang='lat' dir='ltr'>tandem</span> <span class='ocrx_word' id='word_1_74' title='bbox 1668 1167 1721 1190; x_wconf 85' lang='lat' dir='ltr'>re-</span> 
     </span>
     <span class='ocr_line' id='line_1_14' title="bbox 325 1213 1718 1261; baseline -0.003 -11"><span class='ocrx_word' id='word_1_75' title='bbox 325 1216 409 1256; x_wconf 90' lang='lat' dir='ltr'>dux,</span> <span class='ocrx_word' id='word_1_76' title='bbox 440 1228 546 1261; x_wconf 91' lang='lat' dir='ltr'>eques</span> <span class='ocrx_word' id='word_1_77' title='bbox 576 1220 723 1251; x_wconf 82' lang='lat' dir='ltr'>auratus</span> <span class='ocrx_word' id='word_1_78' title='bbox 752 1215 983 1250; x_wconf 88' lang='lat' dir='ltr'>renunciatus</span> <span class='ocrx_word' id='word_1_79' title='bbox 1013 1215 1288 1261; x_wconf 84' lang='lat' dir='ltr'>augustissimae</span> <span class='ocrx_word' id='word_1_80' title='bbox 1319 1213 1475 1260; x_wconf 82' lang='lat' dir='ltr'>Magnae</span> <span class='ocrx_word' id='word_1_81' title='bbox 1506 1213 1718 1249; x_wconf 84' lang='lat' dir='ltr'>Britanniae</span> 
     </span>
     <span class='ocr_line' id='line_1_15' title="bbox 324 1271 1717 1319; baseline -0.004 -11"><span class='ocrx_word' id='word_1_82' title='bbox 324 1274 467 1319; x_wconf 85' lang='lat' dir='ltr'>reginae</span> <span class='ocrx_word' id='word_1_83' title='bbox 493 1284 515 1307; x_wconf 94' lang='lat' dir='ltr'>a</span> <span class='ocrx_word' id='word_1_84' title='bbox 544 1274 697 1314; x_wconf 88' lang='lat' dir='ltr'>secretis,</span> <span class='ocrx_word' id='word_1_85' title='bbox 728 1284 769 1307; x_wconf 89' lang='lat' dir='ltr'>ea</span> <span class='ocrx_word' id='word_1_86' title='bbox 798 1284 835 1307; x_wconf 90' lang='lat' dir='ltr'>se</span> <span class='ocrx_word' id='word_1_87' title='bbox 864 1272 1105 1306; x_wconf 88' lang='lat' dir='ltr'>moderatione</span> <span class='ocrx_word' id='word_1_88' title='bbox 1133 1271 1245 1317; x_wconf 83' lang='lat' dir='ltr'>gessit</span> <span class='ocrx_word' id='word_1_89' title='bbox 1274 1275 1310 1305; x_wconf 94' lang='lat' dir='ltr'>et</span> <span class='ocrx_word' id='word_1_90' title='bbox 1335 1271 1537 1316; x_wconf 86' lang='lat' dir='ltr'>prudentia,</span> <span class='ocrx_word' id='word_1_91' title='bbox 1569 1274 1611 1304; x_wconf 90' lang='lat' dir='ltr'>ut</span> <span class='ocrx_word' id='word_1_92' title='bbox 1637 1280 1717 1304; x_wconf 90' lang='lat' dir='ltr'>cum</span> 
     </span>
     <span class='ocr_line' id='line_1_16' title="bbox 324 1327 1717 1376; baseline -0.001 -13"><span class='ocrx_word' id='word_1_93' title='bbox 324 1341 454 1376; x_wconf 86' lang='lat' dir='ltr'>magna</span> <span class='ocrx_word' id='word_1_94' title='bbox 471 1336 562 1365; x_wconf 89' lang='lat' dir='ltr'>esset</span> <span class='ocrx_word' id='word_1_95' title='bbox 578 1331 617 1365; x_wconf 88' lang='lat' dir='ltr'>in</span> <span class='ocrx_word' id='word_1_96' title='bbox 634 1331 716 1365; x_wconf 89' lang='lat' dir='ltr'>aula</span> <span class='ocrx_word' id='word_1_97' title='bbox 729 1334 948 1370; x_wconf 88' lang='lat' dir='ltr'>consecutus,</span> <span class='ocrx_word' id='word_1_98' title='bbox 965 1329 1102 1375; x_wconf 86' lang='lat' dir='ltr'>majora</span> <span class='ocrx_word' id='word_1_99' title='bbox 1118 1339 1201 1363; x_wconf 90' lang='lat' dir='ltr'>eum</span> <span class='ocrx_word' id='word_1_100' title='bbox 1219 1339 1341 1363; x_wconf 91' lang='lat' dir='ltr'>omnes</span> <span class='ocrx_word' id='word_1_101' title='bbox 1359 1328 1488 1362; x_wconf 89' lang='lat' dir='ltr'>mereri</span> <span class='ocrx_word' id='word_1_102' title='bbox 1506 1327 1717 1362; x_wconf 86' lang='lat' dir='ltr'>faterentur.</span> 
     </span>
     <span class='ocr_line' id='line_1_17' title="bbox 325 1384 1582 1434; baseline -0.002 -13"><span class='ocrx_word' id='word_1_103' title='bbox 325 1386 416 1433; x_wconf 85' lang='lat' dir='ltr'>Ejus</span> <span class='ocrx_word' id='word_1_104' title='bbox 434 1392 519 1422; x_wconf 87' lang='lat' dir='ltr'>sunt</span> <span class='ocrx_word' id='word_1_105' title='bbox 535 1389 630 1434; x_wconf 92' lang='lat' dir='ltr'>stylo</span> <span class='ocrx_word' id='word_1_106' title='bbox 647 1387 767 1422; x_wconf 90' lang='lat' dir='ltr'>omnia</span> <span class='ocrx_word' id='word_1_107' title='bbox 783 1387 979 1423; x_wconf 68' lang='lat' dir='ltr'>tex-sissimo</span> <span class='ocrx_word' id='word_1_108' title='bbox 997 1397 1148 1432; x_wconf 84' lang='lat' dir='ltr'>raraque</span> <span class='ocrx_word' id='word_1_109' title='bbox 1166 1385 1383 1421; x_wconf 87' lang='lat' dir='ltr'>inventionis</span> <span class='ocrx_word' id='word_1_110' title='bbox 1401 1384 1582 1420; x_wconf 81' lang='lat' dir='ltr'>felicitate.</span> 
     </span>
    </p>
   </div>
   <div class='ocr_carea' id='block_1_6' title="bbox 470 1443 1385 1594">
    <p class='ocr_par' dir='ltr' id='par_1_6' title="bbox 470 1443 1385 1594">
     <span class='ocr_line' id='line_1_18' title="bbox 471 1443 1385 1480; baseline -0.002 -1"><span class='ocrx_word' id='word_1_111' title='bbox 471 1445 640 1480; x_wconf 87' lang='lat' dir='ltr'>Poemata</span> <span class='ocrx_word' id='word_1_112' title='bbox 658 1445 792 1479; x_wconf 85' lang='lat' dir='ltr'>Graeca</span> <span class='ocrx_word' id='word_1_113' title='bbox 1263 1443 1324 1477; x_wconf 89' lang='lat' dir='ltr'>lib.</span> <span class='ocrx_word' id='word_1_114' title='bbox 1343 1450 1385 1477; x_wconf 65' lang='grc' dir='ltr'>ῐ.“</span> 
     </span>
     <span class='ocr_line' id='line_1_19' title="bbox 471 1500 1368 1537; baseline -0.001 -2"><span class='ocrx_word' id='word_1_115' title='bbox 471 1501 640 1537; x_wconf 89' lang='lat' dir='ltr'>Poemata</span> <span class='ocrx_word' id='word_1_116' title='bbox 657 1502 789 1536; x_wconf 90' lang='lat' dir='ltr'>Latina</span> <span class='ocrx_word' id='word_1_117' title='bbox 1262 1500 1322 1535; x_wconf 83' lang='lat' dir='ltr'>lib.</span> <span class='ocrx_word' id='word_1_118' title='bbox 1343 1509 1368 1534; x_wconf 85' lang='lat'>1.</span> 
     </span>
     <span class='ocr_line' id='line_1_20' title="bbox 470 1557 1368 1594; baseline -0.001 -2"><span class='ocrx_word' id='word_1_119' title='bbox 470 1559 640 1594; x_wconf 87' lang='lat' dir='ltr'>Poemata</span> <span class='ocrx_word' id='word_1_120' title='bbox 658 1559 796 1594; x_wconf 90' lang='lat' dir='ltr'>Scotica</span> <span class='ocrx_word' id='word_1_121' title='bbox 1260 1557 1321 1592; x_wconf 88' lang='lat' dir='ltr'>lib.</span> <span class='ocrx_word' id='word_1_122' title='bbox 1343 1566 1368 1591; x_wconf 90' lang='lat'>1.</span> 
     </span>
    </p>
   </div>
   <div class='ocr_carea' id='block_1_7' title="bbox 371 1614 1687 1717">
    <p class='ocr_par' dir='ltr' id='par_1_7' title="bbox 371 1614 1687 1717">
     <span class='ocr_line' id='line_1_21' title="bbox 470 1614 1367 1651; baseline -0.001 -2"><span class='ocrx_word' id='word_1_123' title='bbox 470 1615 639 1651; x_wconf 88' lang='lat' dir='ltr'>Poemata</span> <span class='ocrx_word' id='word_1_124' title='bbox 657 1616 795 1651; x_wconf 84' lang='lat' dir='ltr'>Gallica</span> <span class='ocrx_word' id='word_1_125' title='bbox 1259 1614 1321 1649; x_wconf 88' lang='lat' dir='ltr'>lib.</span> <span class='ocrx_word' id='word_1_126' title='bbox 1342 1623 1367 1648; x_wconf 90' lang='lat'>1.</span> 
     </span>
     <span class='ocr_line' id='line_1_22' title="bbox 371 1670 1687 1717; baseline 0 -12"><span class='ocrx_word' id='word_1_127' title='bbox 371 1671 471 1707; x_wconf 85' lang='lat' dir='ltr'>Vivit</span> <span class='ocrx_word' id='word_1_128' title='bbox 488 1673 592 1708; x_wconf 85' lang='lat' dir='ltr'>hodie</span> <span class='ocrx_word' id='word_1_129' title='bbox 611 1675 647 1708; x_wconf 90' lang='lat' dir='ltr'>in</span> <span class='ocrx_word' id='word_1_130' title='bbox 665 1674 747 1708; x_wconf 85' lang='lat' dir='ltr'>aula</span> <span class='ocrx_word' id='word_1_131' title='bbox 764 1673 983 1713; x_wconf 85' lang='lat' dir='ltr'>Britannica,</span> <span class='ocrx_word' id='word_1_132' title='bbox 1003 1673 1064 1707; x_wconf 88' lang='lat' dir='ltr'>sed</span> <span class='ocrx_word' id='word_1_133' title='bbox 1081 1673 1183 1717; x_wconf 88' lang='lat' dir='ltr'>quasi</span> <span class='ocrx_word' id='word_1_134' title='bbox 1201 1672 1240 1706; x_wconf 91' lang='lat' dir='ltr'>in</span> <span class='ocrx_word' id='word_1_135' title='bbox 1259 1671 1436 1706; x_wconf 85' lang='lat' dir='ltr'>Parnasso</span> <span class='ocrx_word' id='word_1_136' title='bbox 1453 1675 1517 1706; x_wconf 84' lang='lat' dir='ltr'>aut</span> <span class='ocrx_word' id='word_1_137' title='bbox 1535 1670 1687 1716; x_wconf 78' lang='lat' dir='ltr'>Cyri-ha.</span> 
     </span>
    </p>
   </div>
   <div class='ocr_carea' id='block_1_8' title="bbox 690 1843 1335 1880">
    <p class='ocr_par' dir='ltr' id='par_1_8' title="bbox 690 1843 1335 1880">
     <span class='ocr_line' id='line_1_23' title="bbox 690 1843 1335 1880; baseline -0.003 0"><span class='ocrx_word' id='word_1_138' title='bbox 690 1843 934 1880; x_wconf 87' lang='lat' dir='ltr'><strong>ANDREAS</strong></span> <span class='ocrx_word' id='word_1_139' title='bbox 959 1843 1196 1879; x_wconf 89' lang='lat' dir='ltr'>AIDAEUS.</span> <span class='ocrx_word' id='word_1_140' title='bbox 1251 1845 1335 1878; x_wconf 86' lang='lat'>113.</span> 
     </span>
    </p>
   </div>
   <div class='ocr_carea' id='block_1_9' title="bbox 319 1958 1712 2119">
    <p class='ocr_par' dir='ltr' id='par_1_9' title="bbox 319 1958 1712 2119">
     <span class='ocr_line' id='line_1_24' title="bbox 320 1958 1712 2003; baseline -0.004 -5"><span class='ocrx_word' id='word_1_141' title='bbox 320 1965 519 1998; x_wconf 75' lang='lat' dir='ltr'><strong>ANDREAS</strong></span> <span class='ocrx_word' id='word_1_142' title='bbox 538 1961 695 1996; x_wconf 89' lang='lat' dir='ltr'>Aidaeus</span> <span class='ocrx_word' id='word_1_143' title='bbox 713 1959 989 1999; x_wconf 88' lang='lat' dir='ltr'>Aberdonensis,</span> <span class='ocrx_word' id='word_1_144' title='bbox 1008 1959 1203 1994; x_wconf 82' lang='lat' dir='ltr'>commilito</span> <span class='ocrx_word' id='word_1_145' title='bbox 1225 1959 1308 1994; x_wconf 91' lang='lat' dir='ltr'>olim</span> <span class='ocrx_word' id='word_1_146' title='bbox 1327 1970 1439 1999; x_wconf 89' lang='lat' dir='ltr'>meus,</span> <span class='ocrx_word' id='word_1_147' title='bbox 1459 1958 1519 1993; x_wconf 89' lang='lat' dir='ltr'>sed</span> <span class='ocrx_word' id='word_1_148' title='bbox 1539 1958 1584 1992; x_wconf 88' lang='lat' dir='ltr'>ab</span> <span class='ocrx_word' id='word_1_149' title='bbox 1597 1958 1712 2003; x_wconf 90' lang='lat' dir='ltr'>impu-</span> 
     </span>
     <span class='ocr_line' id='line_1_25' title="bbox 319 2015 1711 2063; baseline -0.004 -7"><span class='ocrx_word' id='word_1_150' title='bbox 319 2023 452 2056; x_wconf 87' lang='lat' dir='ltr'>bertate</span> <span class='ocrx_word' id='word_1_151' title='bbox 470 2031 541 2054; x_wconf 90' lang='lat' dir='ltr'>non</span> <span class='ocrx_word' id='word_1_152' title='bbox 559 2019 667 2058; x_wconf 87' lang='lat' dir='ltr'>visus,</span> <span class='ocrx_word' id='word_1_153' title='bbox 686 2018 724 2052; x_wconf 88' lang='lat' dir='ltr'>in</span> <span class='ocrx_word' id='word_1_154' title='bbox 742 2016 945 2057; x_wconf 85' lang='lat' dir='ltr'>Germania,</span> <span class='ocrx_word' id='word_1_155' title='bbox 962 2016 1136 2057; x_wconf 84' lang='lat' dir='ltr'>Dantisci,</span> <span class='ocrx_word' id='word_1_156' title='bbox 1155 2021 1196 2051; x_wconf 87' lang='lat' dir='ltr'>ut</span> <span class='ocrx_word' id='word_1_157' title='bbox 1209 2016 1326 2057; x_wconf 89' lang='lat' dir='ltr'>audio,</span> <span class='ocrx_word' id='word_1_158' title='bbox 1341 2021 1376 2051; x_wconf 88' lang='lat' dir='ltr'>et</span> <span class='ocrx_word' id='word_1_159' title='bbox 1389 2016 1516 2063; x_wconf 89' lang='lat' dir='ltr'>Belgio</span> <span class='ocrx_word' id='word_1_160' title='bbox 1531 2015 1641 2050; x_wconf 90' lang='lat' dir='ltr'>bonas</span> <span class='ocrx_word' id='word_1_161' title='bbox 1655 2027 1711 2050; x_wconf 85' lang='lat' dir='ltr'>ar·</span> 
     </span>
     <span class='ocr_line' id='line_1_26' title="bbox 319 2073 1710 2119; baseline -0.005 -5"><span class='ocrx_word' id='word_1_162' title='bbox 319 2085 371 2114; x_wconf 89' lang='lat' dir='ltr'>tes</span> <span class='ocrx_word' id='word_1_163' title='bbox 389 2077 545 2113; x_wconf 85' lang='lat' dir='ltr'>exercuit</span> <span class='ocrx_word' id='word_1_164' title='bbox 562 2086 641 2110; x_wconf 85' lang='lat' dir='ltr'>cum</span> <span class='ocrx_word' id='word_1_165' title='bbox 659 2075 775 2116; x_wconf 89' lang='lat' dir='ltr'>laude,</span> <span class='ocrx_word' id='word_1_166' title='bbox 794 2074 1037 2109; x_wconf 90' lang='lat' dir='ltr'>Kekermanni</span> <span class='ocrx_word' id='word_1_167' title='bbox 1055 2074 1151 2109; x_wconf 89' lang='lat' dir='ltr'>illius</span> <span class='ocrx_word' id='word_1_168' title='bbox 1173 2074 1359 2108; x_wconf 85' lang='lat' dir='ltr'>clarissimi</span> <span class='ocrx_word' id='word_1_169' title='bbox 1374 2084 1564 2118; x_wconf 77' lang='lat' dir='ltr'>successor.</span> <span class='ocrx_word' id='word_1_170' title='bbox 1617 2073 1710 2119; x_wconf 89' lang='lat' dir='ltr'>Ejus</span> 
     </span>
    </p>
   </div>
   <div class='ocr_carea' id='block_1_10' title="bbox 319 2140 1659 2227">
    <p class='ocr_par' dir='ltr' id='par_1_10' title="bbox 319 2140 1659 2227">
     <span class='ocr_line' id='line_1_27' title="bbox 319 2140 424 2170; baseline -0.019 0"><span class='ocrx_word' id='word_1_171' title='bbox 319 2140 400 2170; x_wconf 76' lang='lat' dir='ltr'>sunt</span> <span class='ocrx_word' id='word_1_172' title='bbox 416 2145 424 2168; x_wconf 93' lang='lat'>:</span> 
     </span>
     <span class='ocr_line' id='line_1_28' title="bbox 463 2187 1659 2227; baseline -0.003 -1"><span class='ocrx_word' id='word_1_173' title='bbox 463 2190 727 2227; x_wconf 86' lang='lat' dir='ltr'>Commentaria</span> <span class='ocrx_word' id='word_1_174' title='bbox 745 2190 783 2224; x_wconf 90' lang='lat' dir='ltr'>in</span> <span class='ocrx_word' id='word_1_175' title='bbox 801 2189 910 2224; x_wconf 90' lang='lat' dir='ltr'>libros</span> <span class='ocrx_word' id='word_1_176' title='bbox 928 2187 1135 2223; x_wconf 88' lang='lat' dir='ltr'>Aristotelis</span> <span class='ocrx_word' id='word_1_177' title='bbox 1153 2189 1198 2222; x_wconf 90' lang='lat' dir='ltr'>ad</span> <span class='ocrx_word' id='word_1_178' title='bbox 1216 2188 1473 2224; x_wconf 89' lang='lat' dir='ltr'>Nicomachum</span> <span class='ocrx_word' id='word_1_179' title='bbox 1551 2189 1611 2224; x_wconf 90' lang='lat' dir='ltr'>lib.</span> <span class='ocrx_word' id='word_1_180' title='bbox 1634 2198 1659 2223; x_wconf 89' lang='lat'>1.</span> 
     </span>
    </p>
   </div>
   <div class='ocr_carea' id='block_1_11' title="bbox 366 2245 1708 2408">
    <p class='ocr_par' dir='ltr' id='par_1_11' title="bbox 366 2245 1708 2408">
     <span class='ocr_line' id='line_1_29' title="bbox 465 2245 1385 2294; baseline -0.002 -12"><span class='ocrx_word' id='word_1_181' title='bbox 465 2248 618 2294; x_wconf 86' lang='lat' dir='ltr'>Eclogae</span> <span class='ocrx_word' id='word_1_182' title='bbox 635 2248 765 2288; x_wconf 91' lang='lat' dir='ltr'>decem,</span> <span class='ocrx_word' id='word_1_183' title='bbox 783 2247 944 2291; x_wconf 85' lang='lat' dir='ltr'>exemplo</span> <span class='ocrx_word' id='word_1_184' title='bbox 962 2251 997 2281; x_wconf 87' lang='lat' dir='ltr'>et</span> <span class='ocrx_word' id='word_1_185' title='bbox 1015 2246 1153 2280; x_wconf 90' lang='lat' dir='ltr'>mimesi</span> <span class='ocrx_word' id='word_1_186' title='bbox 1172 2245 1385 2293; x_wconf 89' lang='lat' dir='ltr'>Virgiliana.</span> 
     </span>
     <span class='ocr_line' id='line_1_30' title="bbox 467 2303 1659 2351; baseline -0.002 -12"><span class='ocrx_word' id='word_1_187' title='bbox 467 2305 720 2340; x_wconf 88' lang='lat' dir='ltr'>Genethliacon</span> <span class='ocrx_word' id='word_1_188' title='bbox 739 2304 916 2350; x_wconf 89' lang='lat' dir='ltr'>Principis</span> <span class='ocrx_word' id='word_1_189' title='bbox 935 2303 1102 2344; x_wconf 87' lang='lat' dir='ltr'>Palatini,</span> <span class='ocrx_word' id='word_1_190' title='bbox 1122 2303 1404 2351; x_wconf 86' lang='lat' dir='ltr'>Heydelbergae‚</span> <span class='ocrx_word' id='word_1_191' title='bbox 1551 2304 1612 2339; x_wconf 86' lang='lat' dir='ltr'>lib.</span> <span class='ocrx_word' id='word_1_192' title='bbox 1634 2313 1659 2338; x_wconf 92' lang='lat'>1.</span> 
     </span>
     <span class='ocr_line' id='line_1_31' title="bbox 366 2361 1708 2408; baseline -0.002 -10"><span class='ocrx_word' id='word_1_193' title='bbox 366 2363 467 2398; x_wconf 89' lang='lat' dir='ltr'>Vivit</span> <span class='ocrx_word' id='word_1_194' title='bbox 484 2362 608 2404; x_wconf 88' lang='lat' dir='ltr'>adhuc,</span> <span class='ocrx_word' id='word_1_195' title='bbox 626 2367 661 2397; x_wconf 85' lang='lat' dir='ltr'>et</span> <span class='ocrx_word' id='word_1_196' title='bbox 677 2363 800 2403; x_wconf 86' lang='lat' dir='ltr'>multa,</span> <span class='ocrx_word' id='word_1_197' title='bbox 819 2366 861 2397; x_wconf 87' lang='lat' dir='ltr'>ut</span> <span class='ocrx_word' id='word_1_198' title='bbox 878 2362 1011 2403; x_wconf 83' lang='lat' dir='ltr'>ferunt,</span> <span class='ocrx_word' id='word_1_199' title='bbox 1037 2361 1082 2396; x_wconf 88' lang='lat' dir='ltr'>ab</span> <span class='ocrx_word' id='word_1_200' title='bbox 1099 2372 1139 2396; x_wconf 91' lang='lat' dir='ltr'>eo</span> <span class='ocrx_word' id='word_1_201' title='bbox 1157 2362 1291 2408; x_wconf 89' lang='lat' dir='ltr'>ingenii</span> <span class='ocrx_word' id='word_1_202' title='bbox 1314 2366 1545 2397; x_wconf 88' lang='lat' dir='ltr'>monumenta</span> <span class='ocrx_word' id='word_1_203' title='bbox 1562 2362 1708 2407; x_wconf 88' lang='lat' dir='ltr'>promit-</span> 
     </span>
    </p>
   </div>
   <div class='ocr_carea' id='block_1_12' title="bbox 317 2425 453 2456">
    <p class='ocr_par' dir='ltr' id='par_1_12' title="bbox 317 2425 453 2456">
     <span class='ocr_line' id='line_1_32' title="bbox 317 2425 453 2456; baseline -0.015 0"><span class='ocrx_word' id='word_1_204' title='bbox 317 2425 453 2456; x_wconf 89' lang='lat' dir='ltr'>tuntur.</span> 
     </span>
    </p>
   </div>
  </div>
 </body>
</html>
