2032 2912
708 340 882 372 GENTIS
907 339 1182 378 SCOTORUM,
1207 339 1295 371 LIB.
1317 340 1343 371 1.
1682 339 1720 369 21

388 434 536 479 Scripsit
554 433 748 473 Adrianus,
766 438 808 467 ut
825 444 869 467 ex
886 432 1147 468 Scotichronico
1164 433 1276 478 liquet
1292 433 1353 468 lib.
1373 441 1428 467 Ν.
1447 443 1521 478 cap.
1541 441 1630 467 vul.

484 491 538 525 De
556 490 764 525 Constantia
782 489 986 523 Christiana
1217 490 1277 524 lib.
1297 499 1323 524 Ι.

483 548 538 582 De
557 547 772 581 Humilitate
789 547 834 580 ad
853 546 1048 580 Monachos
1221 547 1282 580 lib.
1302 556 1328 581 1.

481 604 784 639 Commentarium
802 603 840 636 in
858 602 1059 646 Scripturas
1219 603 1280 637 lib.
1300 612 1326 636 1.

386 661 601 706 Martyrium
619 670 744 704 passus
762 664 826 700 est,
845 659 1031 704 Hungaro,
1051 658 1194 699 Hubba,
1212 663 1248 693 et
1265 659 1412 694 Gadano
1430 660 1543 696 Danis
1561 661 1719 696 Scotiam

336 721 490 754 violento
503 718 637 761 impetu
649 717 910 757 invadentibus,
926 716 971 750 ad
983 715 1217 749 ulciscendam
1233 715 1415 751 Pictorum
1430 717 1611 763 injuriam,
1625 718 1720 763 quod

336 775 485 821 contigit
502 785 594 809 anno
613 782 864 808 Deccnxxrv.
915 772 1060 818 Anglici
1078 776 1114 806 et
1132 771 1261 807 Scotici
1278 772 1448 808 Annales.
1503 773 1642 810 Colitur
1665 774 1721 808 die

338 843 392 868 IV.
410 832 545 872 Martii,
565 841 590 865 1.
608 830 755 876 Aprilis,
774 840 817 865 11.
835 830 1005 877 August-i.

540 944 781 980 ANONYMI
808 944 844 980 S.
871 943 1153 979 MARTYRES
1178 953 1240 979 ms
1259 953 1407 980 MILLE.
1462 947 1519 979 18.

339 1062 428 1096 Duo
478 1060 589 1094 millia
638 1059 848 1094 Sanctorum
898 1070 1157 1104 anonymorum
1207 1059 1399 1105 gloriosam
1444 1070 1510 1105 pro
1552 1060 1722 1106 religione

338 1119 543 1153 Christiana
575 1117 782 1151 sustinenda
813 1120 964 1150 mortem
998 1116 1233 1159 oppetierunt,
1274 1121 1314 1150 ut
1349 1127 1393 1150 ex
1426 1117 1595 1151 relatione
1630 1115 1723 1150 Hec-

339 1176 426 1210 toris
459 1174 603 1208 Boethii
632 1177 780 1214 constat,
812 1173 914 1218 cujus
944 1172 1052 1206 verba
1086 1173 1248 1216 superius
1283 1173 1434 1207 adducta
1467 1174 1505 1207 in
1538 1172 1575 1207 S.
1606 1171 1723 1207 Adri-

336 1242 429 1266 ano:
462 1231 556 1265 hunc
591 1241 778 1264 numerum
813 1230 927 1273 reperi
964 1240 1008 1262 ex
1041 1230 1316 1264 revelationibus
1345 1229 1381 1264 S.
1413 1230 1598 1264 Lesmonis
1629 1231 1723 1274 apud

339 1288 559 1322 Richardum
598 1287 774 1320 Brunum.
814 1285 916 1319 Passi
953 1290 1039 1319 sunt
1074 1297 1167 1319 anno
1208 1294 1459 1320 DCCCLXXIV.
1503 1291 1539 1321 et
1571 1287 1725 1333 gloriosa

340 1344 565 1378 veneratione
613 1343 782 1387 reliquiae
829 1342 971 1376 illorum
1014 1342 1220 1376 colebantur
1262 1343 1300 1377 in
1343 1343 1470 1377 celebri
1511 1343 1726 1377 monasterio

340 1402 476 1436 insulae
493 1401 610 1435 Maiae
635 1401 672 1434 in
696 1399 851 1434 Forthae
874 1399 1061 1439 aestuario,
1086 1399 1181 1444 quod
1205 1399 1326 1434 Fifam
1349 1411 1371 1434 a
1393 1399 1579 1435 Laudonia
1602 1400 1725 1435 dister-

339 1458 462 1492 minat.

737 1572 773 1607 S.
799 1572 884 1608 VII.
910 1570 1217 1607 ANONYMAE.
1271 1572 1327 1608 19.

340 1689 377 1724 S.
404 1688 667 1722 DONEVALDO
693 1686 797 1721 Scoto
823 1686 914 1721 filiae
939 1698 1067 1721 novem
1089 1686 1199 1720 fuisse
1228 1686 1470 1731 perhibentur,
1502 1697 1622 1722 omnes
1655 1686 1726 1720 vir-

341 1746 503 1792 ginitatis
536 1744 650 1790 gloria
682 1744 862 1784 illustrem
903 1748 938 1778 et
966 1744 1005 1777 in
1034 1744 1200 1777 divorum
1229 1745 1360 1777 relatae
1389 1754 1588 1783 numerum,
1619 1743 1724 1776 mira-

342 1803 430 1837 culis
456 1803 659 1836 claruerunt
684 1801 774 1835 duae
799 1801 962 1846 majores,
989 1800 1134 1834 Mazota
1159 1804 1194 1834 et
1216 1800 1396 1840 Fincana;
1420 1801 1638 1845 reliquarum
1663 1810 1724 1833 no-

342 1860 440 1893 mina
455 1859 721 1893 interciderunt.
761 1856 854 1892 Vide
871 1868 961 1902 quae
983 1856 1061 1891 fuse
1084 1857 1159 1891 dixi
1182 1857 1244 1891 lib.
1264 1866 1318 1891 IV.
1337 1857 1403 1891 hoc
1420 1868 1524 1902 opere
1540 1857 1579 1891 in
1602 1854 1725 1891 Done-

345 1914 459 1951 valdo.

392 1974 609 2008 Floruerunt
625 1983 718 2006 anno
738 1980 903 2006 DcchI.
928 1972 1132 2006 colebantur
1153 1972 1322 2017 reliquiae
1345 1983 1417 2006 non
1434 1973 1537 2017 longe
1554 1969 1725 2005 Alberne-

344 2031 417 2072 tho,
435 2031 534 2076 regia
550 2029 733 2064 Pictorum
750 2029 789 2063 in
806 2028 898 2063 Fifa.

765 2143 800 2177 S.
827 2142 1120 2178 ANONYMAE
1147 2143 1197 2178 ΙΙ.
1249 2146 1307 2178 20.

345 2261 539 2294 SANCTAE
573 2259 673 2299 duae,
712 2258 992 2304 peregrinatione
1030 2259 1075 2292 ad
1111 2260 1187 2293 loca
1225 2262 1346 2292 sancta
1383 2262 1555 2302 suscepta,
1598 2256 1725 2291 fratres

344 2328 428 2351 suos
465 2320 603 2351 sanctos
645 2315 870 2350 Gunifortem
908 2320 943 2349 et
982 2314 1222 2350 Gunibaldum
1260 2319 1410 2355 secutae,
1457 2315 1496 2348 in
1538 2313 1728 2348 Germania

344 2374 535 2408 crudeliter
559 2373 700 2407 occisae.
751 2372 904 2407 Jacobus
934 2372 1109 2407 Guaullus
1134 2373 1173 2406 in
1198 2372 1406 2407 Sanctuario
1433 2371 1586 2416 Papiae:
1617 2375 1639 2391 “
1665 2369 1726 2404 So-

347 2442 453 2471 rores,
481 2441 608 2477 genere
634 2435 740 2475 atque
766 2429 880 2465 forma
903 2431 1089 2476 speciosae,
1111 2430 1337 2475 speciosiores
1360 2428 1427 2464 fide
1450 2433 1485 2463 et
1509 2428 1725 2475 virginitatis
