2032 2912
715 341 890 374 GENTIS
915 341 1192 381 SCOTORUM,
1215 342 1306 375 LIB.
1330 342 1387 375 IV.
1689 345 1752 375 205

789 491 825 525 S.
852 491 1167 527 DISYBODIUS.
1220 497 1302 531 373.

354 605 389 639 S.
416 605 638 639 DISYBODII
664 605 786 639 laudes
816 606 911 650 apud
936 605 1111 641 Joannem
1137 607 1326 642 Leslaeum
1351 609 1412 643 lib.
1442 618 1495 643 1V.
1525 609 1622 644 Hist.
1650 610 1743 645 Scot.

352 674 434 709 pag.
454 671 564 697 CLXI.
584 667 605 682 ‘⁶
624 662 703 696 Hoc
721 667 879 706 tempore
897 662 1015 697 Scotia
1033 665 1165 698 multos
1183 665 1363 700 doctrinae
1382 666 1608 701 abstrusioris
1627 667 1747 713 cogni-

352 721 459 759 tione,
478 724 514 753 et
531 719 717 754 sanctioris
736 720 831 753 vitae
848 720 952 754 laude
968 720 1191 767 perinsignes
1211 722 1375 756 ecclesiae
1401 724 1549 767 peperit,
1575 736 1594 758 e
1615 725 1744 769 quibus

355 776 397 810 B.
428 777 468 811 P.
501 771 721 817 Disibodius,
752 777 958 821 episcopatu
987 777 1160 818 abdicato,
1192 789 1273 812 cum
1299 780 1479 824 plerisque
1505 781 1543 814 in
1569 783 1743 828 evangelii

349 834 570 868 diffundendi
589 834 792 868 societatem
810 834 931 868 accitis
949 835 987 868 in
1005 834 1231 870 Alemaniam
1249 847 1286 870 se
1304 837 1457 882 trajecit,
1475 838 1689 883 tandemque
1706 840 1744 873 in

349 891 520 926 Fuldensi
538 892 763 933 monasterio,
782 892 863 926 sede
880 892 926 926 ad
942 892 1120 937 reliquum
1138 894 1234 928 vitae
1252 894 1468 928 curriculum
1485 895 1543 939 pie
1561 895 1743 930 conficien-

348 950 434 983 dum
453 950 632 989 collocata,
652 950 840 983 sanctitate
863 954 899 984 et
924 950 1098 995 singulari
1120 952 1274 995 quadam
1297 951 1475 996 probitate
1501 957 1555 987 est
1580 964 1744 988 consecu-

347 1011 417 1047 tus,
435 1012 477 1041 ut
493 1007 644 1041 honores
661 1007 714 1040 illi
731 1018 819 1051 pene
837 1007 950 1041 divini
968 1018 989 1040 a
1006 1009 1137 1051 populo
1155 1009 1402 1043 haberentur.’'
1449 1008 1601 1044 Arnold.
1621 1010 1742 1045 Uvion

347 1064 407 1098 lib.
428 1073 470 1098 11.
490 1064 571 1110 Lig.
590 1063 666 1098 Vit.
694 1075 768 1108 cap.
795 1073 911 1098 LVIII.
940 1068 961 1083 “
979 1064 1118 1104 Quietis
1141 1076 1271 1107 amore,
1297 1067 1434 1110 patriae
1462 1071 1497 1101 et
1523 1068 1741 1112 episcopatui

347 1122 556 1161 valedicens,
582 1121 620 1155 in
638 1120 867 1155 Germaniam
885 1133 922 1156 se
944 1123 1140 1164 transtulit,
1168 1123 1231 1157 ubi
1254 1124 1437 1158 aedificato
1460 1126 1676 1159 monasterio
1703 1127 1741 1160 in

345 1180 421 1213 loco
447 1180 520 1223 qui,
547 1190 591 1212 ex
616 1179 692 1224 ejus
718 1179 873 1219 nomine,
900 1190 997 1213 nunc
1023 1179 1130 1214 Mons
1155 1180 1190 1215 S.
1218 1180 1409 1225 Disybodii
1437 1187 1595 1222 vocatur,
1621 1184 1742 1218 extitit

345 1236 541 1270 multorum
558 1240 659 1279 pater
676 1236 963 1270 monachorum.'’
1015 1235 1153 1271 Eadem
1171 1249 1260 1282 pene
1278 1238 1302 1271 J
1304 1250 1382 1272 oan.
1403 1238 1583 1273 Trithem.
1602 1240 1663 1274 lib.
1680 1249 1740 1274 111.

346 1293 389 1327 de
409 1293 484 1327 Vir.
503 1294 632 1327 illustr.
653 1293 739 1326 Ord.
759 1293 795 1326 S.
814 1293 999 1332 Benedicti
1022 1304 1097 1338 cap.
1117 1302 1382 1329 CCLXXXVIII.
1434 1295 1526 1341 Ejus
1552 1301 1631 1330 acta
1658 1308 1740 1331 con-

345 1351 488 1394 scripsit
505 1349 540 1383 S.
562 1349 792 1395 Hildegardis
818 1350 1010 1396 Bingensis
1036 1352 1226 1391 abbatissa,
1252 1356 1294 1386 ut
1318 1354 1396 1396 ipsa
1419 1353 1580 1398 agnoscit
1597 1353 1658 1388 lib.
1679 1363 1739 1388 111.

344 1407 450 1443 Vitae
467 1418 552 1441 suae
569 1418 633 1451 per
650 1406 880 1440 Theodorum
899 1408 1014 1441 editae
1032 1418 1107 1452 cap.
1123 1417 1223 1442 XXV.
1243 1409 1305 1442 ubi
1319 1409 1427 1444 haec:
1448 1413 1470 1430 ‘⁶
1484 1409 1608 1443 Vitam
1622 1415 1658 1444 et
1670 1421 1742 1445 me-

344 1466 415 1499 rita
431 1464 554 1499 Sancti
571 1463 747 1508 Disybodi
770 1465 974 1509 conscripsi,
999 1465 1044 1499 ab
1068 1465 1194 1500 abbate
1219 1477 1299 1500 meo
1325 1471 1361 1501 et
1386 1466 1558 1500 fratribus
1585 1467 1742 1502 humilli-

342 1534 402 1557 ma
417 1522 590 1556 instantia
607 1526 643 1555 et
660 1521 848 1555 devotione
865 1523 1016 1556 coacta.”
1055 1522 1196 1557 Prodiit
1213 1522 1300 1558 Vita
1319 1524 1388 1558 ista
1406 1523 1571 1564 LoVanii,
1589 1525 1651 1558 sed
1669 1536 1741 1560 non

342 1580 438 1614 vidi:
464 1590 505 1614 ac
527 1590 571 1613 ne
597 1584 690 1613 certe
714 1579 858 1623 quidem
884 1579 1058 1614 affirmare
1083 1581 1217 1624 possim
1243 1582 1281 1615 in
1309 1581 1494 1621 Hibernia,
1521 1593 1566 1615 an
1592 1593 1677 1616 Vero
1702 1584 1740 1617 in

343 1638 472 1678 Scotia,
499 1637 741 1681 episcopatum
767 1637 827 1670 ille
851 1638 1010 1682 gesserit.
1063 1637 1218 1683 Georgio
1249 1638 1400 1672 VVicelio
1426 1637 1552 1673 Seotus
1578 1644 1632 1673 est
1656 1640 1735 1674 libr.

342 1704 413 1729 Vn.
441 1706 516 1739 cap.
537 1703 602 1728 LV.
627 1693 757 1739 Georg.
782 1694 965 1728 Garnefelt
990 1695 1050 1729 lib.
1079 1704 1122 1728 11.
1149 1695 1255 1730 Vitae
1280 1695 1475 1729 Eremitar.
1502 1706 1577 1739 cap.
1598 1705 1735 1731 xxnx.

342 1752 434 1799 Ejus
464 1751 713 1786 solennitatem
740 1752 884 1785 ecclesia
913 1753 1046 1792 recolit,
1077 1754 1134 1786 vel
1162 1761 1252 1786 VIII.
1282 1753 1339 1785 die
1369 1751 1458 1786 Julii
1489 1757 1524 1786 et
1557 1761 1645 1786 VIII.
1680 1754 1736 1788 die

341 1810 570 1855 SeptembriS,
598 1813 641 1842 ut
670 1809 785 1852 placet
817 1808 949 1843 Joanni
980 1809 1125 1843 Molano
1159 1809 1344 1843 Addition.
1379 1809 1549 1849 Usuardi,
1586 1811 1643 1844 vel
1677 1811 1733 1845 die

342 1877 432 1901 VIII.
450 1867 474 1901 J
475 1867 563 1906 unii,
574 1871 616 1900 ut
628 1867 707 1900 vult
718 1865 869 1900 Arnold.
884 1866 1017 1901 Uvion.
1058 1866 1307 1901 Sacrosanctae
1322 1877 1406 1901 sane
1420 1867 1515 1900 illius
1530 1871 1551 1885 “
1564 1868 1734 1912 reliquiae

340 1925 540 1959 reconditae
566 1924 713 1957 fuerunt
734 1924 771 1956 in
797 1925 936 1958 tumulo
962 1925 1100 1969 lapideo
1126 1929 1222 1959 retro
1248 1926 1358 1958 altare
1385 1925 1500 1969 majus
1528 1926 1731 1959 monasterii

341 1983 478 2017 Montis
502 1981 537 2015 S.
563 1981 784 2026 Disybodii.''
845 1981 1073 2016 Dodechinus
1099 1982 1206 2016 abbas
1232 1983 1270 2016 in
1296 1981 1503 2026 Appendice
1529 1982 1573 2015 ad
1600 1981 1732 2016 Maria-

339 2041 377 2074 ni
402 2040 619 2075 Chronicum
644 2038 711 2072 sub
734 2050 866 2072 annum
896 2048 1072 2073 MCXLIV.
1118 2039 1323 2073 Translatio
1347 2050 1430 2072 vero
1454 2039 1611 2084 ejusdem
1639 2039 1732 2074 facta

339 2099 405 2133 sub
423 2098 567 2132 Conone
588 2105 641 2130 IV.
665 2097 761 2130 illius
784 2097 850 2130 loci
870 2097 1005 2131 abbate.
1058 2096 1157 2131 Idem
1175 2096 1403 2130 Dodechinus
1421 2097 1497 2130 loco
1519 2097 1663 2131 laudato
1686 2098 1729 2131 ad

339 2167 474 2190 annum
493 2163 674 2189 MCXXIX.
693 2159 728 2188 et
746 2155 909 2188 meminit
927 2154 1049 2189 Uvion
1074 2154 1134 2188 lib.
1156 2163 1217 2187 111.
1241 2165 1322 2199 pag.
1344 2161 1537 2187 CCCLVIII.
1589 2153 1730 2199 Scripta

338 2214 383 2248 ab
400 2225 440 2247 eo
458 2216 615 2247 recenset
633 2212 809 2246 Trithem.
828 2212 887 2245 lib.
907 2213 950 2246 de
967 2212 1095 2257 Script.
1111 2211 1314 2245 Ecclesiast.
1334 2211 1395 2245 sed
1413 2222 1484 2245 non
1502 2216 1555 2245 est
1582 2212 1627 2246 ad
1654 2223 1728 2246 ma-

337 2282 435 2304 num.
487 2269 587 2304 Idem
605 2270 644 2303 in
661 2269 879 2313 Compendio
902 2269 1033 2303 Annal.
1060 2270 1121 2303 lib.
1147 2278 1172 2302 1.
1196 2280 1276 2315 pag.
1296 2277 1378 2302 LIV.
1407 2270 1580 2303 meminit.
1633 2269 1726 2315 Ejus

337 2340 403 2374 ego
421 2328 494 2362 vidi
513 2338 602 2371 opus

484 2384 539 2418 De
557 2384 815 2418 Monachorum
834 2383 1001 2418 Profectu
1018 2385 1055 2418 in
1073 2384 1271 2418 Solitudine
1289 2384 1471 2430 agentium
1557 2384 1616 2418 lib.
1637 2393 1661 2418 1.

387 2442 491 2478 Vixit
508 2454 565 2476 an.
585 2450 754 2476 DCLXIV.
772 2453 843 2486 quo
867 2453 960 2476 anno
983 2442 1136 2476 Scotiam
1155 2442 1320 2482 deseruit,
1339 2446 1510 2488 regnante
1528 2442 1723 2483 Malduino,
