<?xml version="1.0" encoding="UTF-8"?>
<!DOCTYPE html PUBLIC "-//W3C//DTD XHTML 1.0 Transitional//EN"
    "http://www.w3.org/TR/xhtml1/DTD/xhtml1-transitional.dtd">
<html xmlns="http://www.w3.org/1999/xhtml" xml:lang="en" lang="en">
 <head>
  <title>
</title>
<meta http-equiv="Content-Type" content="text/html;charset=utf-8" />
  <meta name='ocr-system' content='tesseract 3.04.00' />
  <meta name='ocr-capabilities' content='ocr_page ocr_carea ocr_par ocr_line ocrx_word'/>
</head>
<body>
  <div class='ocr_page' id='page_1' title='image "./thomaedempste2101dempuoft_0167.png"; bbox 0 0 2032 2912; ppageno 0'>
   <div class='ocr_carea' id='block_1_1' title="bbox 731 349 1762 390">
    <p class='ocr_par' dir='ltr' id='par_1_1' title="bbox 731 349 1762 390">
     <span class='ocr_line' id='line_1_1' title="bbox 731 349 1762 390; baseline -0.006 -6"><span class='ocrx_word' id='word_1_1' title='bbox 731 350 907 384; x_wconf 91' lang='lat' dir='ltr'><strong>GENTIS</strong></span> <span class='ocrx_word' id='word_1_2' title='bbox 931 351 1207 390; x_wconf 87' lang='lat' dir='ltr'>SCOTORUM,</span> <span class='ocrx_word' id='word_1_3' title='bbox 1233 351 1322 383; x_wconf 92' lang='lat' dir='ltr'><strong>LIB.</strong></span> <span class='ocrx_word' id='word_1_4' title='bbox 1347 351 1393 383; x_wconf 86' lang='grc' dir='ltr'>ΙΙ.</span> <span class='ocrx_word' id='word_1_5' title='bbox 1700 349 1762 378; x_wconf 79' lang='grc'>105</span> 
     </span>
    </p>
   </div>
   <div class='ocr_carea' id='block_1_2' title="bbox 367 445 1411 718">
    <p class='ocr_par' dir='ltr' id='par_1_2' title="bbox 367 445 1411 718">
     <span class='ocr_line' id='line_1_2' title="bbox 367 445 1340 492; baseline -0.001 -11"><span class='ocrx_word' id='word_1_6' title='bbox 367 452 426 481; x_wconf 90' lang='lat' dir='ltr'>tus</span> <span class='ocrx_word' id='word_1_7' title='bbox 444 457 583 481; x_wconf 88' lang='lat' dir='ltr'>summa</span> <span class='ocrx_word' id='word_1_8' title='bbox 601 445 658 481; x_wconf 89' lang='lat' dir='ltr'>sui</span> <span class='ocrx_word' id='word_1_9' title='bbox 676 451 712 481; x_wconf 90' lang='lat' dir='ltr'>et</span> <span class='ocrx_word' id='word_1_10' title='bbox 728 446 865 492; x_wconf 82' lang='lat' dir='ltr'><strong>patriae</strong></span> <span class='ocrx_word' id='word_1_11' title='bbox 882 445 988 486; x_wconf 90' lang='lat' dir='ltr'>fama,</span> <span class='ocrx_word' id='word_1_12' title='bbox 1006 450 1047 480; x_wconf 84' lang='lat' dir='ltr'>ut</span> <span class='ocrx_word' id='word_1_13' title='bbox 1064 446 1180 486; x_wconf 86' lang='lat' dir='ltr'>audio,</span> <span class='ocrx_word' id='word_1_14' title='bbox 1198 446 1340 491; x_wconf 86' lang='lat' dir='ltr'><strong>scripsit</strong></span> 
     </span>
     <span class='ocr_line' id='line_1_3' title="bbox 516 503 1410 539; baseline -0.002 0"><span class='ocrx_word' id='word_1_15' title='bbox 516 504 687 539; x_wconf 88' lang='lat' dir='ltr'>Poemata</span> <span class='ocrx_word' id='word_1_16' title='bbox 704 504 804 537; x_wconf 85' lang='lat' dir='ltr'>varia</span> <span class='ocrx_word' id='word_1_17' title='bbox 1303 503 1364 538; x_wconf 87' lang='lat' dir='ltr'>lib.</span> <span class='ocrx_word' id='word_1_18' title='bbox 1385 512 1410 537; x_wconf 89' lang='lat'>1.</span> 
     </span>
     <span class='ocr_line' id='line_1_4' title="bbox 513 559 1410 607; baseline 0 -13"><span class='ocrx_word' id='word_1_19' title='bbox 513 560 788 607; x_wconf 81' lang='lat' dir='ltr'>Epigrammata</span> <span class='ocrx_word' id='word_1_20' title='bbox 807 559 907 593; x_wconf 87' lang='lat' dir='ltr'>varia</span> <span class='ocrx_word' id='word_1_21' title='bbox 1304 561 1364 595; x_wconf 93' lang='lat' dir='ltr'>lib.</span> <span class='ocrx_word' id='word_1_22' title='bbox 1385 569 1410 594; x_wconf 90' lang='lat'>1.</span> 
     </span>
     <span class='ocr_line' id='line_1_5' title="bbox 510 615 1411 652; baseline -0.002 0"><span class='ocrx_word' id='word_1_23' title='bbox 510 617 785 652; x_wconf 87' lang='lat' dir='ltr'>Observationes</span> <span class='ocrx_word' id='word_1_24' title='bbox 803 617 897 650; x_wconf 86' lang='lat' dir='ltr'>circa</span> <span class='ocrx_word' id='word_1_25' title='bbox 914 620 1050 650; x_wconf 88' lang='lat' dir='ltr'>veteres</span> <span class='ocrx_word' id='word_1_26' title='bbox 1069 615 1227 650; x_wconf 87' lang='lat' dir='ltr'>Medicos</span> <span class='ocrx_word' id='word_1_27' title='bbox 1304 617 1366 651; x_wconf 83' lang='lat' dir='ltr'>lib.</span> <span class='ocrx_word' id='word_1_28' title='bbox 1386 626 1411 650; x_wconf 92' lang='lat'>1.</span> 
     </span>
     <span class='ocr_line' id='line_1_6' title="bbox 411 672 1384 718; baseline -0.003 -8"><span class='ocrx_word' id='word_1_29' title='bbox 411 675 514 711; x_wconf 89' lang='lat' dir='ltr'>Vivit</span> <span class='ocrx_word' id='word_1_30' title='bbox 531 674 646 709; x_wconf 90' lang='lat' dir='ltr'>adhuc</span> <span class='ocrx_word' id='word_1_31' title='bbox 663 674 758 718; x_wconf 91' lang='lat' dir='ltr'>apud</span> <span class='ocrx_word' id='word_1_32' title='bbox 776 683 869 714; x_wconf 89' lang='lat' dir='ltr'>suos,</span> <span class='ocrx_word' id='word_1_33' title='bbox 888 677 923 707; x_wconf 90' lang='lat' dir='ltr'>et</span> <span class='ocrx_word' id='word_1_34' title='bbox 943 672 1198 717; x_wconf 80' lang='lat' dir='ltr'>Hippocratem</span> <span class='ocrx_word' id='word_1_35' title='bbox 1216 674 1384 708; x_wconf 88' lang='lat' dir='ltr'>illustrat.</span> 
     </span>
    </p>
   </div>
   <div class='ocr_carea' id='block_1_3' title="bbox 813 787 1305 826">
    <p class='ocr_par' dir='ltr' id='par_1_3' title="bbox 813 787 1305 826">
     <span class='ocr_line' id='line_1_7' title="bbox 813 787 1305 826; baseline -0.002 -4"><span class='ocrx_word' id='word_1_36' title='bbox 813 788 850 822; x_wconf 88' lang='lat' dir='ltr'>S.</span> <span class='ocrx_word' id='word_1_37' title='bbox 877 787 1168 823; x_wconf 86' lang='lat' dir='ltr'><strong>BIGITANUS.</strong></span> <span class='ocrx_word' id='word_1_38' title='bbox 1224 790 1305 826; x_wconf 89' lang='grc'><strong>190.</strong></span> 
     </span>
    </p>
   </div>
   <div class='ocr_carea' id='block_1_4' title="bbox 354 903 1749 1352">
    <p class='ocr_par' dir='ltr' id='par_1_4' title="bbox 354 903 1749 1352">
     <span class='ocr_line' id='line_1_8' title="bbox 358 903 1749 950; baseline -0.001 -11"><span class='ocrx_word' id='word_1_39' title='bbox 358 904 395 938; x_wconf 87' lang='lat' dir='ltr'>S.</span> <span class='ocrx_word' id='word_1_40' title='bbox 415 905 651 939; x_wconf 79' lang='lat' dir='ltr'>BIGITANUS</span> <span class='ocrx_word' id='word_1_41' title='bbox 673 916 714 939; x_wconf 93' lang='lat' dir='ltr'>eo</span> <span class='ocrx_word' id='word_1_42' title='bbox 738 903 887 939; x_wconf 86' lang='lat' dir='ltr'>florebat</span> <span class='ocrx_word' id='word_1_43' title='bbox 911 905 1040 945; x_wconf 88' lang='lat' dir='ltr'>seculo,</span> <span class='ocrx_word' id='word_1_44' title='bbox 1063 915 1135 950; x_wconf 89' lang='lat' dir='ltr'>quo</span> <span class='ocrx_word' id='word_1_45' title='bbox 1158 907 1334 938; x_wconf 82' lang='lat' dir='ltr'>nostrates</span> <span class='ocrx_word' id='word_1_46' title='bbox 1360 903 1544 950; x_wconf 86' lang='lat' dir='ltr'>Europam</span> <span class='ocrx_word' id='word_1_47' title='bbox 1569 905 1749 939; x_wconf 85' lang='lat' dir='ltr'>celeberri-</span> 
     </span>
     <span class='ocr_line' id='line_1_9' title="bbox 358 961 1747 1007; baseline 0.001 -13"><span class='ocrx_word' id='word_1_48' title='bbox 358 973 416 995; x_wconf 87' lang='lat' dir='ltr'>ma</span> <span class='ocrx_word' id='word_1_49' title='bbox 433 973 517 996; x_wconf 89' lang='lat' dir='ltr'>suae</span> <span class='ocrx_word' id='word_1_50' title='bbox 535 962 678 1007; x_wconf 90' lang='lat' dir='ltr'>pietatis</span> <span class='ocrx_word' id='word_1_51' title='bbox 695 961 792 996; x_wconf 86' lang='lat' dir='ltr'>fama</span> <span class='ocrx_word' id='word_1_52' title='bbox 812 962 1056 1006; x_wconf 84' lang='lat' dir='ltr'>repleverant:</span> <span class='ocrx_word' id='word_1_53' title='bbox 1082 962 1204 1007; x_wconf 85' lang='lat' dir='ltr'>itaque</span> <span class='ocrx_word' id='word_1_54' title='bbox 1226 966 1313 996; x_wconf 89' lang='lat' dir='ltr'>tunc</span> <span class='ocrx_word' id='word_1_55' title='bbox 1336 961 1527 1002; x_wconf 85' lang='lat' dir='ltr'>Fursaeus,</span> <span class='ocrx_word' id='word_1_56' title='bbox 1552 962 1747 1002; x_wconf 87' lang='lat' dir='ltr'>Foillanus,</span> 
     </span>
     <span class='ocr_line' id='line_1_10' title="bbox 359 1018 1748 1066; baseline 0.001 -13"><span class='ocrx_word' id='word_1_57' title='bbox 359 1018 514 1054; x_wconf 86' lang='lat' dir='ltr'>Ultanus</span> <span class='ocrx_word' id='word_1_58' title='bbox 540 1024 643 1054; x_wconf 86' lang='lat' dir='ltr'>extra</span> <span class='ocrx_word' id='word_1_59' title='bbox 666 1019 833 1065; x_wconf 82' lang='lat' dir='ltr'>patriam,</span> <span class='ocrx_word' id='word_1_60' title='bbox 860 1020 956 1054; x_wconf 92' lang='lat' dir='ltr'>domi</span> <span class='ocrx_word' id='word_1_61' title='bbox 982 1030 1067 1054; x_wconf 87' lang='lat' dir='ltr'>vero</span> <span class='ocrx_word' id='word_1_62' title='bbox 1092 1030 1164 1053; x_wconf 89' lang='lat' dir='ltr'>non</span> <span class='ocrx_word' id='word_1_63' title='bbox 1194 1019 1313 1054; x_wconf 88' lang='lat' dir='ltr'>minus</span> <span class='ocrx_word' id='word_1_64' title='bbox 1344 1020 1513 1066; x_wconf 88' lang='lat' dir='ltr'>insignes,</span> <span class='ocrx_word' id='word_1_65' title='bbox 1545 1019 1748 1059; x_wconf 72' lang='lat' dir='ltr'>comanus,</span> 
     </span>
     <span class='ocr_line' id='line_1_11' title="bbox 358 1076 1749 1123; baseline 0 -13"><span class='ocrx_word' id='word_1_66' title='bbox 358 1076 589 1117; x_wconf 88' lang='lat' dir='ltr'>Chroniacus,</span> <span class='ocrx_word' id='word_1_67' title='bbox 608 1076 770 1117; x_wconf 88' lang='lat' dir='ltr'>Dimaus,</span> <span class='ocrx_word' id='word_1_68' title='bbox 794 1076 1005 1117; x_wconf 84' lang='lat' dir='ltr'>Damianus‚</span> <span class='ocrx_word' id='word_1_69' title='bbox 1029 1081 1064 1111; x_wconf 89' lang='lat' dir='ltr'>et</span> <span class='ocrx_word' id='word_1_70' title='bbox 1086 1076 1290 1123; x_wconf 87' lang='lat' dir='ltr'>Bigitanus‚</span> <span class='ocrx_word' id='word_1_71' title='bbox 1314 1088 1436 1111; x_wconf 90' lang='lat' dir='ltr'>omnes</span> <span class='ocrx_word' id='word_1_72' title='bbox 1460 1078 1648 1122; x_wconf 89' lang='lat' dir='ltr'>episcopali</span> <span class='ocrx_word' id='word_1_73' title='bbox 1672 1078 1749 1123; x_wconf 87' lang='lat' dir='ltr'>dig-</span> 
     </span>
     <span class='ocr_line' id='line_1_12' title="bbox 358 1133 1746 1178; baseline 0.001 -11"><span class='ocrx_word' id='word_1_74' title='bbox 358 1134 471 1168; x_wconf 83' lang='lat' dir='ltr'>nitate</span> <span class='ocrx_word' id='word_1_75' title='bbox 497 1145 537 1168; x_wconf 89' lang='lat' dir='ltr'>ac</span> <span class='ocrx_word' id='word_1_76' title='bbox 562 1134 658 1168; x_wconf 89' lang='lat' dir='ltr'>vitae</span> <span class='ocrx_word' id='word_1_77' title='bbox 683 1133 872 1169; x_wconf 85' lang='lat' dir='ltr'>sanctitate</span> <span class='ocrx_word' id='word_1_78' title='bbox 897 1134 1126 1178; x_wconf 88' lang='lat' dir='ltr'>perillustres.</span> <span class='ocrx_word' id='word_1_79' title='bbox 1180 1133 1229 1168; x_wconf 87' lang='lat' dir='ltr'>H.</span> <span class='ocrx_word' id='word_1_80' title='bbox 1249 1133 1423 1169; x_wconf 88' lang='lat' dir='ltr'>Boethius</span> <span class='ocrx_word' id='word_1_81' title='bbox 1448 1135 1539 1169; x_wconf 92' lang='lat' dir='ltr'>libro</span> <span class='ocrx_word' id='word_1_82' title='bbox 1567 1144 1623 1169; x_wconf 80' lang='lat' dir='ltr'>IX.</span> <span class='ocrx_word' id='word_1_83' title='bbox 1649 1135 1746 1170; x_wconf 91' lang='lat' dir='ltr'>Hist.</span> 
     </span>
     <span class='ocr_line' id='line_1_13' title="bbox 357 1190 1747 1239; baseline 0.001 -14"><span class='ocrx_word' id='word_1_84' title='bbox 357 1191 450 1225; x_wconf 87' lang='lat' dir='ltr'>Scot.</span> <span class='ocrx_word' id='word_1_85' title='bbox 465 1202 546 1238; x_wconf 85' lang='lat' dir='ltr'>pag.</span> <span class='ocrx_word' id='word_1_86' title='bbox 562 1200 734 1225; x_wconf 78' lang='lat' dir='ltr'>CLXXVI.</span> <span class='ocrx_word' id='word_1_87' title='bbox 777 1190 801 1225; x_wconf 85' lang='lat' dir='ltr'><strong>J</strong></span> <span class='ocrx_word' id='word_1_88' title='bbox 803 1203 835 1226; x_wconf 91' lang='grc' dir='ltr'>ο.</span> <span class='ocrx_word' id='word_1_89' title='bbox 850 1191 1018 1226; x_wconf 87' lang='lat' dir='ltr'>Leslaeus</span> <span class='ocrx_word' id='word_1_90' title='bbox 1031 1192 1092 1226; x_wconf 92' lang='lat' dir='ltr'>lib.</span> <span class='ocrx_word' id='word_1_91' title='bbox 1110 1201 1163 1226; x_wconf 88' lang='lat' dir='ltr'>1v.</span> <span class='ocrx_word' id='word_1_92' title='bbox 1177 1203 1260 1238; x_wconf 86' lang='lat' dir='ltr'>pag.</span> <span class='ocrx_word' id='word_1_93' title='bbox 1276 1201 1387 1226; x_wconf 78' lang='lat' dir='ltr'>cmx.</span> <span class='ocrx_word' id='word_1_94' title='bbox 1427 1192 1500 1227; x_wconf 89' lang='lat' dir='ltr'>Ubi</span> <span class='ocrx_word' id='word_1_95' title='bbox 1514 1198 1633 1227; x_wconf 89' lang='lat' dir='ltr'>tamen</span> <span class='ocrx_word' id='word_1_96' title='bbox 1647 1192 1747 1239; x_wconf 86' lang='lat' dir='ltr'>Bigi-</span> 
     </span>
     <span class='ocr_line' id='line_1_14' title="bbox 355 1247 1748 1295; baseline 0.001 -13"><span class='ocrx_word' id='word_1_97' title='bbox 355 1254 462 1283; x_wconf 86' lang='lat' dir='ltr'>tanus</span> <span class='ocrx_word' id='word_1_98' title='bbox 486 1249 698 1293; x_wconf 86' lang='lat' dir='ltr'>episcopalia</span> <span class='ocrx_word' id='word_1_99' title='bbox 723 1249 847 1282; x_wconf 88' lang='lat' dir='ltr'>munia</span> <span class='ocrx_word' id='word_1_100' title='bbox 872 1249 910 1282; x_wconf 89' lang='lat' dir='ltr'>in</span> <span class='ocrx_word' id='word_1_101' title='bbox 935 1247 1055 1283; x_wconf 88' lang='lat' dir='ltr'>Scotia</span> <span class='ocrx_word' id='word_1_102' title='bbox 1078 1250 1286 1290; x_wconf 84' lang='lat' dir='ltr'>exercuerit,</span> <span class='ocrx_word' id='word_1_103' title='bbox 1317 1250 1514 1291; x_wconf 72' lang='lat' dir='ltr'>incertum3</span> <span class='ocrx_word' id='word_1_104' title='bbox 1546 1255 1633 1294; x_wconf 90' lang='lat' dir='ltr'>puto</span> <span class='ocrx_word' id='word_1_105' title='bbox 1663 1251 1748 1295; x_wconf 89' lang='lat' dir='ltr'>quia</span> 
     </span>
     <span class='ocr_line' id='line_1_15' title="bbox 354 1305 1747 1352; baseline 0 -12"><span class='ocrx_word' id='word_1_106' title='bbox 354 1310 469 1340; x_wconf 82' lang='lat' dir='ltr'>aetate</span> <span class='ocrx_word' id='word_1_107' title='bbox 487 1306 548 1340; x_wconf 86' lang='lat' dir='ltr'>illa</span> <span class='ocrx_word' id='word_1_108' title='bbox 565 1305 654 1340; x_wconf 89' lang='lat' dir='ltr'>nulli</span> <span class='ocrx_word' id='word_1_109' title='bbox 672 1310 787 1340; x_wconf 88' lang='lat' dir='ltr'>certae</span> <span class='ocrx_word' id='word_1_110' title='bbox 810 1305 949 1340; x_wconf 83' lang='lat' dir='ltr'>civitati</span> <span class='ocrx_word' id='word_1_111' title='bbox 972 1306 1215 1351; x_wconf 84' lang='lat' dir='ltr'>episcoporum</span> <span class='ocrx_word' id='word_1_112' title='bbox 1240 1317 1326 1340; x_wconf 91' lang='lat' dir='ltr'>cura</span> <span class='ocrx_word' id='word_1_113' title='bbox 1349 1306 1504 1352; x_wconf 86' lang='lat' dir='ltr'>alligata.</span> <span class='ocrx_word' id='word_1_114' title='bbox 1559 1306 1747 1352; x_wconf 79' lang='lat' dir='ltr'>Scripsisse</span> 
     </span>
    </p>
   </div>
   <div class='ocr_carea' id='block_1_5' title="bbox 352 1362 1498 1523">
    <p class='ocr_par' dir='ltr' id='par_1_5' title="bbox 352 1362 1498 1523">
     <span class='ocr_line' id='line_1_16' title="bbox 352 1362 559 1407; baseline 0 -10"><span class='ocrx_word' id='word_1_115' title='bbox 352 1362 559 1407; x_wconf 87' lang='lat' dir='ltr'>perhibetur</span> 
     </span>
     <span class='ocr_line' id='line_1_17' title="bbox 500 1420 1498 1468; baseline -0.001 -13"><span class='ocrx_word' id='word_1_116' title='bbox 500 1420 555 1455; x_wconf 94' lang='lat' dir='ltr'>De</span> <span class='ocrx_word' id='word_1_117' title='bbox 573 1421 772 1468; x_wconf 89' lang='lat' dir='ltr'>Religionis</span> <span class='ocrx_word' id='word_1_118' title='bbox 790 1422 885 1467; x_wconf 86' lang='lat' dir='ltr'>apud</span> <span class='ocrx_word' id='word_1_119' title='bbox 903 1420 1026 1456; x_wconf 92' lang='lat' dir='ltr'>Scotos</span> <span class='ocrx_word' id='word_1_120' title='bbox 1044 1421 1242 1468; x_wconf 89' lang='lat' dir='ltr'>Progressu</span> <span class='ocrx_word' id='word_1_121' title='bbox 1391 1420 1452 1455; x_wconf 90' lang='lat' dir='ltr'>lib.</span> <span class='ocrx_word' id='word_1_122' title='bbox 1473 1430 1498 1455; x_wconf 91' lang='lat'>1.</span> 
     </span>
     <span class='ocr_line' id='line_1_18' title="bbox 499 1478 1496 1523; baseline -0.001 -10"><span class='ocrx_word' id='word_1_123' title='bbox 499 1478 682 1523; x_wconf 88' lang='lat' dir='ltr'>Epistolas</span> <span class='ocrx_word' id='word_1_124' title='bbox 700 1479 746 1513; x_wconf 85' lang='lat' dir='ltr'>ad</span> <span class='ocrx_word' id='word_1_125' title='bbox 763 1479 880 1514; x_wconf 89' lang='lat' dir='ltr'>varias</span> <span class='ocrx_word' id='word_1_126' title='bbox 898 1478 1076 1514; x_wconf 88' lang='lat' dir='ltr'>Ecclesias</span> <span class='ocrx_word' id='word_1_127' title='bbox 1390 1478 1450 1513; x_wconf 90' lang='lat' dir='ltr'>lib.</span> <span class='ocrx_word' id='word_1_128' title='bbox 1472 1487 1496 1512; x_wconf 89' lang='lat'>1.</span> 
     </span>
    </p>
   </div>
   <div class='ocr_carea' id='block_1_6' title="bbox 402 1535 1388 1691">
    <p class='ocr_par' dir='ltr' id='par_1_6' title="bbox 402 1535 1388 1691">
     <span class='ocr_line' id='line_1_19' title="bbox 402 1535 1388 1572; baseline 0.001 -2"><span class='ocrx_word' id='word_1_129' title='bbox 402 1535 541 1571; x_wconf 90' lang='lat' dir='ltr'>Floruit</span> <span class='ocrx_word' id='word_1_130' title='bbox 559 1547 652 1571; x_wconf 86' lang='lat' dir='ltr'>anno</span> <span class='ocrx_word' id='word_1_131' title='bbox 671 1545 841 1572; x_wconf 66' lang='lat' dir='ltr'>Dcnxw.</span> <span class='ocrx_word' id='word_1_132' title='bbox 893 1535 1034 1571; x_wconf 86' lang='lat' dir='ltr'>Colitur</span> <span class='ocrx_word' id='word_1_133' title='bbox 1050 1536 1108 1571; x_wconf 87' lang='lat' dir='ltr'>die</span> <span class='ocrx_word' id='word_1_134' title='bbox 1126 1545 1194 1571; x_wconf 82' lang='lat' dir='ltr'>xv.</span> <span class='ocrx_word' id='word_1_135' title='bbox 1213 1535 1388 1571; x_wconf 65' lang='lat' dir='ltr'>«Ianuarii.</span> 
     </span>
     <span class='ocr_line' id='line_1_20' title="bbox 721 1651 1382 1691; baseline 0.003 -5"><span class='ocrx_word' id='word_1_136' title='bbox 721 1651 864 1687; x_wconf 91' lang='lat' dir='ltr'>HUGO</span> <span class='ocrx_word' id='word_1_137' title='bbox 891 1661 947 1686; x_wconf 70' lang='lat' dir='ltr'>Dr„</span> <span class='ocrx_word' id='word_1_138' title='bbox 974 1651 1246 1688; x_wconf 86' lang='lat' dir='ltr'><strong>BENHYEM.</strong></span> <span class='ocrx_word' id='word_1_139' title='bbox 1301 1655 1382 1691; x_wconf 90' lang='grc'><strong>191.</strong></span> 
     </span>
    </p>
   </div>
   <div class='ocr_carea' id='block_1_7' title="bbox 342 1765 1741 2271">
    <p class='ocr_par' dir='ltr' id='par_1_7' title="bbox 347 1765 1741 2041">
     <span class='ocr_line' id='line_1_21' title="bbox 350 1765 1737 1812; baseline 0.001 -12"><span class='ocrx_word' id='word_1_140' title='bbox 350 1767 473 1801; x_wconf 78' lang='lat' dir='ltr'>HUGO</span> <span class='ocrx_word' id='word_1_141' title='bbox 492 1767 535 1801; x_wconf 86' lang='lat' dir='ltr'>de</span> <span class='ocrx_word' id='word_1_142' title='bbox 553 1766 749 1811; x_wconf 87' lang='lat' dir='ltr'>Benhyem,</span> <span class='ocrx_word' id='word_1_143' title='bbox 768 1765 995 1801; x_wconf 88' lang='lat' dir='ltr'>Aberdoniae</span> <span class='ocrx_word' id='word_1_144' title='bbox 1013 1768 1197 1812; x_wconf 88' lang='lat' dir='ltr'>episcopus</span> <span class='ocrx_word' id='word_1_145' title='bbox 1217 1777 1274 1802; x_wconf 87' lang='lat' dir='ltr'>XI.</span> <span class='ocrx_word' id='word_1_146' title='bbox 1298 1768 1434 1803; x_wconf 87' lang='lat' dir='ltr'>Romae</span> <span class='ocrx_word' id='word_1_147' title='bbox 1453 1781 1475 1803; x_wconf 89' lang='lat' dir='ltr'>a</span> <span class='ocrx_word' id='word_1_148' title='bbox 1493 1768 1652 1804; x_wconf 89' lang='lat' dir='ltr'>Martino</span> <span class='ocrx_word' id='word_1_149' title='bbox 1674 1768 1737 1803; x_wconf 85' lang='lat' dir='ltr'>IV.</span> 
     </span>
     <span class='ocr_line' id='line_1_22' title="bbox 350 1824 1741 1872; baseline 0.001 -14"><span class='ocrx_word' id='word_1_150' title='bbox 350 1824 515 1869; x_wconf 88' lang='lat' dir='ltr'>pontifice</span> <span class='ocrx_word' id='word_1_151' title='bbox 542 1824 790 1870; x_wconf 87' lang='lat' dir='ltr'>inauguratus,</span> <span class='ocrx_word' id='word_1_152' title='bbox 816 1828 897 1868; x_wconf 85' lang='lat' dir='ltr'>post</span> <span class='ocrx_word' id='word_1_153' title='bbox 922 1835 1056 1858; x_wconf 90' lang='lat' dir='ltr'>annum</span> <span class='ocrx_word' id='word_1_154' title='bbox 1083 1825 1120 1858; x_wconf 89' lang='lat' dir='ltr'>in</span> <span class='ocrx_word' id='word_1_155' title='bbox 1146 1824 1300 1859; x_wconf 85' lang='lat' dir='ltr'>Scotiam</span> <span class='ocrx_word' id='word_1_156' title='bbox 1327 1826 1440 1859; x_wconf 85' lang='lat' dir='ltr'>redux</span> <span class='ocrx_word' id='word_1_157' title='bbox 1470 1837 1615 1872; x_wconf 88' lang='lat' dir='ltr'>gravem</span> <span class='ocrx_word' id='word_1_158' title='bbox 1647 1827 1741 1860; x_wconf 86' lang='lat' dir='ltr'>inter</span> 
     </span>
     <span class='ocr_line' id='line_1_23' title="bbox 348 1882 1740 1929; baseline 0.002 -14"><span class='ocrx_word' id='word_1_159' title='bbox 348 1883 519 1926; x_wconf 86' lang='lat' dir='ltr'>populum</span> <span class='ocrx_word' id='word_1_160' title='bbox 545 1889 581 1915; x_wconf 84' lang='lat' dir='ltr'>et</span> <span class='ocrx_word' id='word_1_161' title='bbox 606 1882 739 1915; x_wconf 85' lang='lat' dir='ltr'>clerum</span> <span class='ocrx_word' id='word_1_162' title='bbox 764 1882 1042 1915; x_wconf 87' lang='lat' dir='ltr'>controversiam</span> <span class='ocrx_word' id='word_1_163' title='bbox 1068 1882 1111 1916; x_wconf 89' lang='lat' dir='ltr'>de</span> <span class='ocrx_word' id='word_1_164' title='bbox 1137 1882 1292 1922; x_wconf 84' lang='lat' dir='ltr'>decimis,</span> <span class='ocrx_word' id='word_1_165' title='bbox 1318 1888 1503 1927; x_wconf 88' lang='lat' dir='ltr'>praesente</span> <span class='ocrx_word' id='word_1_166' title='bbox 1528 1894 1621 1929; x_wconf 89' lang='lat' dir='ltr'>rege,</span> <span class='ocrx_word' id='word_1_167' title='bbox 1648 1895 1740 1918; x_wconf 85' lang='lat' dir='ltr'>com-</span> 
     </span>
     <span class='ocr_line' id='line_1_24' title="bbox 347 1937 1738 1985; baseline 0.002 -13"><span class='ocrx_word' id='word_1_168' title='bbox 347 1939 478 1982; x_wconf 85' lang='lat' dir='ltr'>posuit,</span> <span class='ocrx_word' id='word_1_169' title='bbox 497 1949 536 1972; x_wconf 86' lang='lat' dir='ltr'>ae</span> <span class='ocrx_word' id='word_1_170' title='bbox 554 1949 677 1972; x_wconf 86' lang='lat' dir='ltr'>causas</span> <span class='ocrx_word' id='word_1_171' title='bbox 695 1937 838 1973; x_wconf 86' lang='lat' dir='ltr'>futurae</span> <span class='ocrx_word' id='word_1_172' title='bbox 855 1938 1085 1973; x_wconf 88' lang='lat' dir='ltr'>dissensionis</span> <span class='ocrx_word' id='word_1_173' title='bbox 1103 1940 1246 1984; x_wconf 83' lang='lat' dir='ltr'>penitus</span> <span class='ocrx_word' id='word_1_174' title='bbox 1261 1940 1418 1974; x_wconf 79' lang='lat' dir='ltr'>sustulit.</span> <span class='ocrx_word' id='word_1_175' title='bbox 1471 1940 1631 1985; x_wconf 80' lang='lat' dir='ltr'>Scripsit,</span> <span class='ocrx_word' id='word_1_176' title='bbox 1647 1946 1687 1975; x_wconf 88' lang='lat' dir='ltr'>ut</span> <span class='ocrx_word' id='word_1_177' title='bbox 1702 1942 1738 1974; x_wconf 86' lang='lat' dir='ltr'>iu</span> 
     </span>
     <span class='ocr_line' id='line_1_25' title="bbox 350 1996 697 2041; baseline 0.003 -13"><span class='ocrx_word' id='word_1_178' title='bbox 350 1997 424 2030; x_wconf 86' lang='lat' dir='ltr'>vita</span> <span class='ocrx_word' id='word_1_179' title='bbox 441 1997 518 2041; x_wconf 78' lang='lat' dir='ltr'>ejus</span> <span class='ocrx_word' id='word_1_180' title='bbox 536 1996 697 2035; x_wconf 85' lang='lat' dir='ltr'>habetur,</span> 
     </span>
    </p>

    <p class='ocr_par' dir='ltr' id='par_1_8' title="bbox 497 2053 1493 2090">
     <span class='ocr_line' id='line_1_26' title="bbox 497 2053 1493 2090; baseline 0.004 -4"><span class='ocrx_word' id='word_1_181' title='bbox 497 2053 773 2087; x_wconf 77' lang='lat' dir='ltr'>provincialium</span> <span class='ocrx_word' id='word_1_182' title='bbox 792 2053 1017 2088; x_wconf 83' lang='lat' dir='ltr'>statutorum</span> <span class='ocrx_word' id='word_1_183' title='bbox 1036 2054 1242 2089; x_wconf 85' lang='lat' dir='ltr'>Sanctiones</span> <span class='ocrx_word' id='word_1_184' title='bbox 1389 2056 1448 2090; x_wconf 88' lang='lat' dir='ltr'>lib.</span> <span class='ocrx_word' id='word_1_185' title='bbox 1470 2066 1493 2089; x_wconf 86' lang='lat'>1.</span> 
     </span>
    </p>

    <p class='ocr_par' dir='ltr' id='par_1_9' title="bbox 496 2109 1492 2158">
     <span class='ocr_line' id='line_1_27' title="bbox 496 2109 1492 2158; baseline 0.002 -14"><span class='ocrx_word' id='word_1_186' title='bbox 496 2110 619 2144; x_wconf 89' lang='lat' dir='ltr'>Novas</span> <span class='ocrx_word' id='word_1_187' title='bbox 637 2109 897 2156; x_wconf 84' lang='lat' dir='ltr'>Episcoporum</span> <span class='ocrx_word' id='word_1_188' title='bbox 918 2110 1190 2158; x_wconf 76' lang='lat' dir='ltr'>praerogativas</span> <span class='ocrx_word' id='word_1_189' title='bbox 1386 2114 1446 2148; x_wconf 89' lang='lat' dir='ltr'>lib.</span> <span class='ocrx_word' id='word_1_190' title='bbox 1469 2123 1492 2147; x_wconf 93' lang='lat'>1.</span> 
     </span>
    </p>

    <p class='ocr_par' dir='ltr' id='par_1_10' title="bbox 396 2166 1740 2205">
     <span class='ocr_line' id='line_1_28' title="bbox 396 2166 1740 2205; baseline 0.002 -3"><span class='ocrx_word' id='word_1_191' title='bbox 396 2167 571 2202; x_wconf 85' lang='lat' dir='ltr'>Catarrho</span> <span class='ocrx_word' id='word_1_192' title='bbox 597 2166 773 2202; x_wconf 85' lang='lat' dir='ltr'>defluente</span> <span class='ocrx_word' id='word_1_193' title='bbox 798 2169 994 2203; x_wconf 85' lang='lat' dir='ltr'>exstinctus</span> <span class='ocrx_word' id='word_1_194' title='bbox 1020 2174 1073 2204; x_wconf 85' lang='lat' dir='ltr'>est</span> <span class='ocrx_word' id='word_1_195' title='bbox 1099 2181 1192 2204; x_wconf 89' lang='lat' dir='ltr'>anno</span> <span class='ocrx_word' id='word_1_196' title='bbox 1219 2179 1340 2204; x_wconf 86' lang='lat' dir='ltr'><strong>XXIX.</strong></span> <span class='ocrx_word' id='word_1_197' title='bbox 1367 2170 1564 2205; x_wconf 86' lang='lat' dir='ltr'>Alexandri</span> <span class='ocrx_word' id='word_1_198' title='bbox 1592 2170 1660 2204; x_wconf 88' lang='grc' dir='ltr'><strong>ΙΙΙ.</strong></span> <span class='ocrx_word' id='word_1_199' title='bbox 1689 2183 1740 2205; x_wconf 87' lang='lat' dir='ltr'>re-</span> 
     </span>
    </p>

    <p class='ocr_par' dir='ltr' id='par_1_11' title="bbox 342 2225 1045 2271">
     <span class='ocr_line' id='line_1_29' title="bbox 342 2225 1045 2271; baseline 0.003 -13"><span class='ocrx_word' id='word_1_200' title='bbox 342 2226 410 2271; x_wconf 82' lang='lat' dir='ltr'>gis,</span> <span class='ocrx_word' id='word_1_201' title='bbox 429 2225 606 2259; x_wconf 84' lang='lat' dir='ltr'>humanae</span> <span class='ocrx_word' id='word_1_202' title='bbox 622 2225 747 2259; x_wconf 89' lang='lat' dir='ltr'>salutis</span> <span class='ocrx_word' id='word_1_203' title='bbox 768 2225 1045 2271; x_wconf 84' lang='lat' dir='ltr'><strong>[MCCLXX1X.]</strong></span> 
     </span>
    </p>
   </div>
   <div class='ocr_carea' id='block_1_8' title="bbox 739 2323 1341 2366">
    <p class='ocr_par' dir='ltr' id='par_1_12' title="bbox 739 2323 1341 2366">
     <span class='ocr_line' id='line_1_30' title="bbox 739 2323 1341 2366; baseline 0.005 -8"><span class='ocrx_word' id='word_1_204' title='bbox 739 2323 963 2359; x_wconf 88' lang='lat' dir='ltr'><strong>JACOBUS</strong></span> <span class='ocrx_word' id='word_1_205' title='bbox 989 2324 1206 2360; x_wconf 84' lang='lat' dir='ltr'><strong>BRUNUS.</strong></span> <span class='ocrx_word' id='word_1_206' title='bbox 1260 2329 1341 2366; x_wconf 75' lang='lat'><strong>199.</strong></span> 
     </span>
    </p>
   </div>
   <div class='ocr_carea' id='block_1_9' title="bbox 342 2397 1736 2441">
    <p class='ocr_par' dir='ltr' id='par_1_13' title="bbox 342 2397 1736 2441">
     <span class='ocr_line' id='line_1_31' title="bbox 342 2397 1736 2441; baseline 0.004 -11"><span class='ocrx_word' id='word_1_207' title='bbox 342 2397 523 2431; x_wconf 82' lang='lat' dir='ltr'><strong>JACOBUS</strong></span> <span class='ocrx_word' id='word_1_208' title='bbox 547 2397 704 2439; x_wconf 90' lang='lat' dir='ltr'>Brunus,</span> <span class='ocrx_word' id='word_1_209' title='bbox 731 2397 1010 2434; x_wconf 81' lang='lat' dir='ltr'>Aberdoniensis</span> <span class='ocrx_word' id='word_1_210' title='bbox 1035 2401 1197 2435; x_wconf 86' lang='lat' dir='ltr'>ecclesiae</span> <span class='ocrx_word' id='word_1_211' title='bbox 1221 2401 1384 2441; x_wconf 88' lang='lat' dir='ltr'>decanus,</span> <span class='ocrx_word' id='word_1_212' title='bbox 1410 2401 1517 2436; x_wconf 90' lang='lat' dir='ltr'>sacris</span> <span class='ocrx_word' id='word_1_213' title='bbox 1542 2402 1654 2436; x_wconf 86' lang='lat' dir='ltr'>literis</span> <span class='ocrx_word' id='word_1_214' title='bbox 1679 2413 1736 2435; x_wconf 83' lang='lat' dir='ltr'>ex-</span> 
     </span>
    </p>
   </div>
   <div class='ocr_carea' id='block_1_10' title="bbox 340 2454 1066 2547">
    <p class='ocr_par' dir='ltr' id='par_1_14' title="bbox 340 2454 1066 2547">
     <span class='ocr_line' id='line_1_32' title="bbox 340 2454 732 2500; baseline 0.008 -13"><span class='ocrx_word' id='word_1_215' title='bbox 340 2454 572 2495; x_wconf 83' lang='lat' dir='ltr'>cultissimus,</span> <span class='ocrx_word' id='word_1_216' title='bbox 591 2455 732 2500; x_wconf 89' lang='lat' dir='ltr'>scripsit</span> 
     </span>
     <span class='ocr_line' id='line_1_33' title="bbox 1045 2523 1066 2547; baseline 0 -12"><span class='ocrx_word' id='word_1_217' title='bbox 1045 2523 1066 2547; x_wconf 70' lang='lat'>1,</span> 
     </span>
    </p>
   </div>
  </div>
 </body>
</html>
