2044 2992
973 365 1071 405 xviii

334 470 569 511 Heruisono
590 472 709 511 Scoto
730 476 875 511 autore
894 470 938 510 in
959 471 1069 511 notis
1090 471 1143 511 ad
1166 470 1381 512 Plutarchi
1409 471 1712 512 Commentari-

332 549 403 575 um
430 536 481 575 de
511 534 739 575 Contrariis
768 535 1010 575 Stoicorum.
1069 534 1206 574 Notae
1234 535 1444 575 uberiores
1473 536 1518 575 in
1549 536 1711 576 easdem

331 599 659 639 Constitutiones
698 598 768 638 lib.
804 599 828 638 i.
868 599 954 652 ipse
992 599 1213 652 promittit,
1253 613 1305 639 an
1346 605 1502 647 extent,
1541 600 1714 640 nescio.”

331 663 447 703 Haec
471 663 646 703 tradidit
672 663 724 702 de
753 663 945 716 operibus
978 662 1152 703 Henrici
1182 663 1410 717 Scrimgeri,
1442 664 1549 718 juris
1582 663 1712 704 civilis

330 727 374 766 in
395 727 602 767 academia
621 727 854 767 Genevensi
882 727 1086 780 professor
1114 727 1393 767 eruditissimi.
1452 728 1532 767 Sed
1558 728 1709 781 Demp-

330 792 427 831 steri
449 793 573 831 verba
592 791 739 831 misere
765 797 864 831 sunt
888 796 1104 837 truncata3
1136 805 1243 844 quae
1269 791 1325 831 sic
1350 792 1612 832 emendanda
1639 806 1714 845 ego

329 856 499 908 quidem
520 869 688 896 censeo:
718 861 739 878 “
759 854 958 894 Novellae
978 855 1310 895 Constitutiones
1331 855 1561 895 Latinitate
1586 856 1713 895 dona-

329 926 394 958 tae
414 918 483 959 lib.
505 921 529 959 i.
588 919 724 959 Antea
746 917 1016 958 transtulerat
1038 918 1247 958 Henricus
1277 918 1488 972 Agylaeus
1516 919 1713 959 Buscovi-

329 984 530 1023 ducensis.
588 982 804 1024 Conradus
825 982 1132 1022 Rittershusius
1151 982 1362 1035 prooemio
1392 982 1507 1021 Juris
1536 982 1713 1022 Justini-

328 1048 420 1086 anei
456 1061 542 1100 cap.
578 1047 628 1086 iv.
687 1046 819 1085 Notas
853 1045 1062 1085 uberiores
1096 1046 1140 1084 in
1181 1046 1345 1085 easdem
1380 1046 1712 1085 Constitutiones

329 1110 397 1149 lib.
423 1110 447 1150 i.
474 1110 560 1163 ipse
586 1109 819 1162 promittit3
852 1123 904 1148 an
933 1114 1088 1155 extent,
1116 1109 1265 1148 nescio.
1325 1108 1542 1149 Plutarchi
1574 1110 1713 1149 omnia

328 1174 464 1227 Opera
483 1172 552 1212 lib.
573 1173 597 1212 i.
623 1186 717 1212 cum
742 1172 857 1211 MSS.
887 1170 1078 1219 contulit,
1109 1172 1309 1212 Eduardo
1340 1172 1592 1227 Henrysono
1619 1188 1714 1214 auc-

327 1244 416 1277 tore
448 1237 491 1276 in
523 1237 632 1276 notis
666 1236 720 1275 ad
754 1234 969 1275 Plutarchi
1005 1235 1363 1276 Commentarium
1398 1237 1449 1277 de
1484 1237 1712 1278 Contrariis

326 1302 592 1341 Stoicorum.”
651 1300 825 1354 Nempe,
845 1299 1054 1353 Agylaeus
1081 1301 1244 1340 easdem
1272 1301 1605 1342 Constitutiones
1633 1301 1712 1341 La-

328 1366 416 1405 tine
437 1365 633 1412 ediderat,
654 1365 706 1404 de
727 1378 810 1418 quo
831 1363 919 1403 viro
939 1364 1224 1404 doctissimum
1246 1365 1579 1405 Rittershusium
1595 1366 1712 1405 adhi-

328 1432 398 1470 bet
419 1431 460 1469 in
482 1429 724 1474 consilium3
761 1434 803 1468 et
823 1429 1114 1468 annotationes
1134 1428 1178 1468 in
1200 1429 1363 1469 easdem
1383 1430 1629 1483 promiserat
1651 1431 1711 1484 ip-

327 1509 369 1534 se
389 1494 651 1547 Scrimgerus‚
672 1492 745 1545 qui
767 1497 918 1541 tamen,
938 1499 988 1531 ut
1014 1492 1092 1532 hoc
1122 1507 1290 1546 quoque
1318 1508 1523 1538 moneam,
1551 1494 1711 1534 Latini-

328 1564 414 1597 tate
434 1571 650 1610 nunquam
678 1556 859 1596 donavit.
920 1556 1065 1596 Editio
1092 1557 1400 1610 Scrimgeriana,
1431 1559 1587 1598 Graece
1618 1565 1709 1598 tan-

327 1629 429 1669 tum,
456 1621 612 1675 prodiit
638 1621 682 1660 in
709 1620 845 1660 lucem
872 1634 982 1660 anno
1017 1624 1122 1661 1558
1153 1635 1204 1661 cx
1231 1622 1394 1661 officina
1418 1622 1592 1662 Henrici
1623 1623 1710 1662 Ste-

326 1686 464 1739 phani.
506 1686 586 1724 Pro
608 1685 842 1725 Heruz'sono
863 1683 1089 1737 legendum
1110 1683 1279 1723 omnino
1300 1685 1556 1737 Hemysono.
1603 1684 1710 1725 Doc-

329 1756 396 1789 tus
418 1756 504 1789 erat
520 1748 843 1803 jurisconsultus
864 1748 1089 1788 Eduardus
1117 1747 1393 1801 Henrysonus
1423 1754 1608 1794 nostras:
1639 1751 1709 1802 jus

329 1813 446 1853 civile
481 1814 523 1852 in
556 1813 764 1853 academia
794 1812 1047 1852 Bituricensi
1075 1812 1283 1859 docuerat,
1314 1817 1357 1851 et
1384 1813 1473 1866 ejus
1506 1812 1710 1852 nonnulla

327 1883 472 1918 extant
503 1891 626 1930 opera
657 1877 767 1930 typis
797 1875 976 1930 vulgata.
1035 1877 1080 1916 P.
1110 1879 1202 1918 590.
1237 1881 1257 1899 “
1277 1875 1550 1917 Consecratus
1581 1876 1711 1930 ingel-

329 1956 482 1981 rannus
512 1941 744 1981 astantibus
773 1940 982 1994 pomposis
1009 1939 1190 1986 clericis,
1218 1945 1261 1980 et
1286 1942 1634 1994 procuratoribus,
1661 1948 1711 1981 ut

330 2005 652 2058 polychronicon
674 2004 874 2057 loquitur,
892 2003 1198 2043 Eboracensis.”
1244 2002 1380 2043 Locus
1401 2004 1521 2043 foede
1542 2019 1710 2058 corrup-

331 2076 408 2116 tus,
429 2083 552 2122 quem
579 2069 635 2108 sic
660 2068 967 2108 restituendum
995 2067 1195 2107 arbitror:
1232 2072 1252 2090 “
1272 2067 1544 2108 Consecratus
1572 2069 1711 2121 Ingel-

331 2147 495 2180 rannus,
517 2132 747 2172 astantibus
768 2131 975 2185 pomposis
996 2131 1163 2178 clericis,
1184 2136 1227 2170 et
1246 2132 1583 2184 procuratoribus
1600 2133 1710 2173 Ebo-

331 2197 574 2244 racensibus,
595 2202 644 2235 ut
664 2195 1000 2235 Scotichronicon
1018 2195 1242 2249 loquitur.''
1303 2195 1348 2234 P.
1370 2200 1462 2238 598.
1492 2202 1512 2219 ‘⁴
1532 2196 1709 2236 Vivebat

333 2274 440 2299 anno
462 2275 506 2300 M.
554 2259 748 2299 Diualius
769 2265 830 2299 est
852 2259 1001 2299 Petrus
1017 2258 1252 2313 Aquilanus
1268 2258 1523 2312 theologus.”
1576 2261 1710 2315 Scrip-

332 2323 469 2371 simus,
497 2329 517 2346 ‘⁶
536 2323 713 2363 Vivebat
740 2337 849 2363 anno
880 2338 1005 2363 ΜΒΝ.
1063 2323 1183 2362 Alius
1214 2328 1276 2364 est
1303 2323 1453 2364 Petrus
1474 2324 1710 2378 Aquilanus

333 2386 585 2439 theologuS.”
644 2387 779 2428 Locus
800 2393 939 2427 tamen
961 2387 1272 2433 vexatissimus3
1306 2401 1403 2427 nam
1424 2388 1476 2428 de
1498 2389 1623 2429 Petro
1643 2389 1709 2429 vel

335 2450 543 2504 Aquilano
575 2451 665 2500 alio,
697 2466 750 2492 ne
781 2452 953 2492 verbum
986 2451 1167 2505 quidem.
1228 2457 1248 2476 “
1268 2451 1470 2492 Scotellus
1496 2453 1540 2492 in
1569 2452 1714 2493 Indice
