2032 2912
693 323 868 356 GENTIS
893 320 1168 359 SCOTORUM,
1193 319 1282 352 LIB.
1307 320 1334 351 Ι.
1662 321 1702 353 23

321 420 479 453 tanniam
508 417 730 461 Scotiamque
761 416 956 462 navigavit,
985 416 1067 449 inde
1096 426 1177 449 cum
1204 415 1387 461 virginum
1412 413 1518 448 choro
1548 413 1701 448 Romam

321 477 522 521 perductus,
554 474 680 507 iisdem
709 473 896 507 comitibus
927 472 1111 505 Coloniam
1140 476 1313 512 revectus,
1343 471 1507 516 martyrii
1535 472 1701 516 palmam,

322 534 451 567 tenello
476 542 619 575 corpore
641 531 803 569 lacerato,
826 529 1003 573 percepit;
1031 529 1118 573 quid
1139 529 1234 563 enim
1257 529 1354 563 aliud
1376 529 1639 563 sanctissimum
1664 529 1706 562 il·

322 592 397 624 lum
413 588 623 634 sanguinem
640 591 675 621 et
691 586 931 631 pientissimos
949 585 1100 630 majores
1118 585 1289 620 decebat?

372 646 502 680 Passus
521 656 612 679 anno
630 652 768 678 CDLIV.
787 644 916 678 colitur
932 643 988 677 die
1006 651 1095 676 XXI.
1114 642 1259 676 Octobr.
1284 647 1407 677 auctor
1424 648 1477 677 est
1496 643 1624 678 Petrus
1641 642 1702 677 lib.

324 712 379 737 lx.
398 702 556 748 Catalog.
576 711 650 745 cap.
670 709 830 735 xxcvn.
882 699 993 734 Plura
1008 698 1103 733 infra
1119 699 1180 734 lib.
1199 708 1271 734 vn.
1290 700 1328 734 in
1345 699 1381 734 S.
1403 698 1593 735 Geresina.

833 813 869 848 S.
896 812 1087 848 AUREA.
1140 816 1197 848 22.

324 930 358 964 S.
378 929 537 969 AUREA,
556 930 658 976 virgo
676 929 865 970 Ursulana,
884 928 919 963 S.
938 928 1091 963 Adriani
1108 939 1218 969 soror,
1235 929 1330 975 regis
1347 928 1487 963 Siciliae
1510 939 1554 962 ex
1577 927 1613 962 S.
1638 928 1704 963 Ge-

323 988 439 1021 resina
455 987 538 1026 filia,
557 986 724 1020 Coloniae
742 987 786 1020 ab
804 985 961 1027 Hunnis,
979 990 1060 1031 post
1076 987 1201 1032 longos
1218 986 1354 1020 labores
1373 986 1522 1027 itineris,
1546 997 1645 1021 caesa
1667 986 1705 1020 in

323 1045 435 1078 coelos
453 1044 630 1084 evolavit;
657 1043 786 1077 colitur
802 1053 887 1077 vero
903 1043 1034 1077 ibidem
1051 1043 1118 1077 loci
1136 1054 1217 1078 cum
1235 1044 1321 1078 suis.

372 1101 482 1135 Passa
507 1106 561 1134 est
585 1111 678 1134 anno
705 1109 843 1135 CDLIV.
871 1109 960 1134 xxl.
987 1100 1131 1135 Octobr.
1183 1100 1313 1135 Petrus
1339 1102 1415 1135 loco
1443 1101 1603 1146 proxime
1630 1101 1704 1135 lau-

322 1158 416 1198 dato,
434 1162 470 1191 et
486 1157 686 1191 Chronicon
705 1157 960 1192 Chronicorum
979 1168 1023 1191 ex
1039 1158 1127 1192 actis
1144 1157 1364 1193 Coloniensis
1382 1158 1555 1193 ecclesiae.

802 1271 838 1305 S.
865 1270 1115 1305 ALBANUS.
1168 1273 1226 1305 23.

323 1385 359 1419 S.
387 1384 597 1426 ALBANUS,
626 1385 721 1430 quod
749 1396 772 1419 a
799 1385 950 1419 vetustis
979 1384 1209 1429 scriptoribus
1235 1385 1432 1420 Britannus
1458 1386 1644 1427 diceretur,
1670 1387 1707 1420 id

322 1443 361 1476 in
377 1454 450 1477 rem
468 1453 570 1476 suam
592 1443 746 1488 maligne
770 1441 882 1488 Angli
906 1446 1094 1482 vertentes,
1118 1441 1279 1488 Anglum
1297 1454 1316 1477 e
1334 1443 1495 1489 vestigio,
1518 1447 1560 1478 ut
1577 1445 1707 1479 multos

322 1500 420 1539 alios,
438 1510 622 1544 perperam
645 1499 782 1534 fecere:
810 1503 1084 1545 cognomentum
1110 1499 1338 1534 Verulamius
1362 1501 1406 1535 ab
1429 1501 1558 1545 oppido
1581 1502 1709 1535 sancti-

323 1560 407 1597 tate,
437 1561 479 1591 ut
508 1562 607 1601 puto,
638 1568 703 1591 sua
732 1556 916 1591 celebrato.
978 1555 1046 1590 Vir
1075 1556 1146 1591 fuit
1175 1568 1247 1591 non
1275 1558 1498 1592 mediocriter
1527 1558 1566 1592 in
1599 1559 1707 1593 sacris

323 1613 434 1648 literis
453 1618 614 1648 versatus
629 1623 638 1647 ε
665 1614 731 1648 sub
748 1613 962 1647 Diocletiani
979 1614 1169 1658 tyrannide
1186 1625 1208 1648 a
1224 1614 1396 1649 Romanis
1414 1615 1587 1649 militibus
1608 1627 1707 1660 prae-

324 1671 477 1705 sidiariis
507 1672 726 1705 truculenter
754 1671 927 1715 martyrio
953 1675 1007 1705 est
1032 1671 1188 1712 affectus,
1214 1672 1351 1716 primus
1377 1672 1415 1706 in
1440 1683 1482 1706 ea
1505 1672 1622 1707 insula
1647 1674 1709 1718 qui

325 1738 466 1761 causam
491 1727 628 1762 Christi
650 1728 730 1761 fuso
753 1728 927 1773 sanguine
950 1729 1123 1769 asseruit;
1149 1739 1214 1763 nec
1237 1729 1425 1774 quisquam
1447 1741 1519 1764 non
1542 1741 1583 1764 eo
1604 1730 1708 1764 modo

325 1785 452 1823 seculo,
470 1785 531 1818 sed
548 1795 612 1818 nec
629 1784 752 1819 multis
769 1788 862 1828 post,
882 1784 1108 1819 Christianus
1125 1796 1166 1819 eo
1183 1790 1300 1819 tractu
1316 1785 1458 1832 Anglus
1480 1791 1707 1827 memoratur,

326 1846 368 1875 ut
386 1852 526 1875 necesse
543 1842 592 1875 sit
609 1852 690 1875 eum
713 1841 858 1875 Scotum
881 1840 1001 1876 fuisse.
1052 1842 1189 1876 Deinde
1206 1842 1328 1876 doctor
1344 1843 1456 1887 ipsius
1473 1843 1543 1878 fuit
1559 1843 1709 1878 Sanctus

327 1897 577 1942 Amphibalus,
608 1902 650 1932 ut
679 1898 738 1932 hic
767 1898 871 1932 infra.
933 1897 1117 1933 Recolitur
1147 1903 1221 1933 tam
1251 1900 1396 1945 gloriosi
1425 1900 1510 1934 facti
1539 1901 1709 1935 memoria

328 1963 433 1988 xxn.
451 1954 564 2003 Junibi.
614 1955 850 2001 Martyrolog.
870 1955 1084 1997 Romanum,
1104 1956 1231 1990 Franc.
1250 1956 1491 2002 Maurolycus‚
1509 1957 1706 1998 Usuardus‚

327 2013 423 2046 Petr.
443 2012 655 2053 Galesinius,
673 2013 735 2057 qui
754 2017 855 2047 notat
871 2024 893 2047 a
909 2012 1177 2047 Coloniensibus
1198 2012 1393 2048 Albuinum
1418 2015 1563 2056 dictum,
1586 2026 1708 2060 perpe-

327 2081 402 2104 ram
417 2080 427 2110 ;
459 2074 495 2103 et
511 2069 711 2104 Venantius
729 2069 948 2105 Fortunatus
964 2080 973 2104 ι

626 2125 773 2154 Albanum
786 2125 933 2163 egregium
947 2125 1086 2154 foecunda
1100 2125 1249 2153 Britannia
1262 2125 1379 2164 profert.

328 2181 436 2215 Gesta
466 2182 542 2227 ejus
573 2181 680 2216 habes
711 2182 806 2226 apud
836 2181 979 2216 Gildam
1009 2182 1211 2227 Sapientem
1241 2183 1284 2216 de
1318 2182 1470 2218 Excidio
1501 2184 1709 2220 Britanniae

328 2238 419 2271 circa
435 2239 662 2283 principium,
680 2239 816 2273 Bedam
839 2239 900 2273 lib.
926 2249 951 2273 1.
977 2239 1114 2273 Histor.
1139 2239 1248 2286 Angl.
1273 2251 1348 2285 cap.
1373 2250 1428 2275 VI.
1452 2250 1524 2275 vu.
1547 2242 1710 2286 quaesu-

328 2307 365 2329 se
383 2296 427 2329 ab
444 2296 585 2330 Uvione
602 2296 715 2331 literis
732 2301 816 2333 sunt
833 2297 1050 2342 consignata,
1076 2302 1116 2330 ut
1142 2301 1294 2332 testatur
1309 2297 1334 2331 J
1335 2309 1464 2333 oannes
1483 2299 1649 2333 Molanus
1666 2300 1711 2334 ad

328 2352 485 2386 Usuardi
503 2353 812 2399 Martyrologium.
864 2353 1031 2388 Meminit
1049 2354 1303 2389 Constantinus
1320 2356 1359 2390 in
1380 2355 1466 2390 Vita
1486 2356 1522 2391 S.
1542 2356 1708 2393 Germani

328 2408 640 2445 Altissiodorensis
657 2410 718 2445 lib.
734 2419 759 2445 1.
774 2422 849 2456 cap.
865 2419 936 2445 XX.
975 2410 1115 2457 Scripta
1132 2412 1176 2446 ad
1194 2423 1250 2447 me
1266 2424 1338 2447 non
1351 2418 1598 2458 pervenerunt,
1611 2425 1709 2459 prae-
