2032 2912
672 373 847 405 GENTIS
873 373 1149 413 SCOTORUM,
1176 374 1264 406 LIB.
1289 374 1329 406 V.
1628 373 1691 404 263

735 524 770 558 S.
798 523 1117 559 ERLULPHUS.
1173 527 1256 559 485.

299 640 334 674 S.
363 640 626 679 ERLULPHUS,
653 639 797 672 natione
823 638 960 679 ScotuS‚
986 650 1108 673 eorum
1135 640 1266 674 civium
1293 653 1449 682 suorum,
1479 642 1540 687 qui
1571 647 1685 676 totum

298 698 457 731 studium
475 696 609 730 sincere
627 696 664 729 in
682 697 928 730 convertendis
946 697 1139 743 gentilibus
1157 698 1343 738 locassent,
1362 701 1563 743 exemplum
1586 711 1684 733 secu-

297 759 367 795 tus,
386 766 404 788 e
421 753 538 798 patria
554 764 775 799 progressuS,
793 752 979 787 Christum
997 757 1095 788 t'rans
1115 753 1307 789 Glacialem
1326 756 1505 790 Oceanum
1522 757 1682 791 habitan-

298 812 393 846 tibus
412 810 551 850 detulit,
570 821 610 844 ac
627 811 781 844 maxime
807 811 845 844 in
871 810 1029 845 Islandia
1051 812 1219 855 pietatem
1246 814 1358 853 sevit3
1387 818 1440 847 est
1458 819 1576 848 autem
1601 815 1684 848 haec

298 868 426 903 Thule.
478 867 571 913 Ejus
589 868 725 902 labores
743 868 985 908 inexhaustos,
1004 869 1239 910 sedulitatem,
1264 881 1304 904 ac
1322 871 1490 914 pietatem
1509 882 1683 905 commen-

297 927 358 961 dat
369 926 543 972 Arngrim
555 925 677 966 Jonas,
691 925 966 960 facundissimus
976 927 1072 960 illius
1086 927 1202 971 gentis
1216 927 1425 969 historicus;
1445 939 1551 972 quem
1564 928 1683 962 videre

298 985 387 1018 mihi
405 995 477 1018 non
496 983 657 1029 contigit,
676 983 758 1017 licet
775 983 860 1017 haec
876 983 922 1017 ab
940 984 1052 1018 amico
1070 985 1279 1019 transmissa
1297 985 1457 1019 habeam.

346 1041 486 1075 Claruit
503 1052 596 1075 anno
615 1049 785 1075 Deccxc.
805 1052 885 1075 cum
903 1041 997 1076 socio
1022 1052 1087 1075 suo
1110 1040 1148 1075 S.
1168 1041 1311 1084 Buone3
1339 1043 1413 1076 dies
1442 1054 1526 1078 vero
1552 1048 1605 1078 est
1631 1044 1683 1077 in-

297 1104 424 1133 certus.

755 1214 862 1248 ERN
865 1214 1003 1249 ULPH
1009 1215 1078 1250 US.
1132 1214 1214 1250 486.

297 1328 563 1369 ERNULPHUS,
578 1329 684 1363 abbas
693 1328 961 1369 Mailrosiensis,
976 1330 1021 1363 ad
1035 1341 1140 1375 quem
1155 1334 1297 1365 exstant
1310 1331 1478 1375 epistolae
1492 1330 1683 1366 Clementis

298 1385 366 1420 III.
396 1386 573 1430 pontificis
602 1397 708 1430 super
736 1397 842 1420 causa
872 1385 1021 1421 Joannis
1048 1380 1084 1421 S.
1103 1387 1269 1422 Andreae
1295 1388 1468 1422 antistitis
1494 1389 1588 1433 apud
1614 1388 1684 1422 Ro-

297 1455 423 1489 gerum
441 1444 484 1477 de
505 1443 679 1478 Hoveden
697 1442 830 1477 Annal.
849 1448 941 1487 part.
962 1453 1005 1477 11.
1023 1456 1106 1491 pag.
1126 1453 1320 1479 CCCLXIX.
1339 1445 1479 1489 scripsit

444 1500 626 1546 Epistolas
644 1501 689 1534 ad
707 1500 925 1534 Clementem
945 1500 1080 1546 Papam
1329 1502 1390 1536 lib.
1411 1512 1436 1537 1.

345 1558 486 1593 Floruit
505 1570 598 1593 anno
619 1567 893 1592 Mcnxxxvm.

778 1671 1066 1708 ERNALDUS.
1119 1676 1201 1712 487.

297 1789 537 1829 ERNALDUS,
556 1788 663 1823 abbas
682 1788 950 1828 Mailrosiensis,
970 1788 1089 1822 eodem
1109 1800 1202 1823 anno
1220 1800 1291 1833 quo
1308 1790 1480 1833 superior,
1500 1790 1544 1824 ab
1561 1790 1681 1824 eodem

297 1846 461 1891 pontifice
478 1857 585 1891 super
602 1856 708 1879 causa
727 1844 876 1879 Joannis
899 1844 1177 1880 Sanctandreani
1203 1846 1357 1891 episcopi
1383 1847 1613 1888 admonetur3
1641 1853 1680 1881 ut

297 1904 454 1948 suspicer
483 1915 595 1938 unum
623 1903 844 1947 eundemque
868 1914 953 1942 esse,
980 1908 1016 1937 et
1041 1903 1225 1937 librarium
1253 1904 1291 1937 in
1317 1904 1504 1950 peregrino
1529 1905 1680 1943 nomine,

296 1966 337 1995 ut
354 1973 457 2006 saepe
475 1961 573 2000 alias,
592 1971 737 1994 errasse.
787 1959 939 2004 Scripsit

445 2018 626 2063 Epistolas
645 2018 690 2051 ad
709 2017 927 2051 Clementem
947 2017 1081 2062 Papam
1330 2018 1390 2052 lib.
1412 2027 1436 2051 1.

345 2076 484 2111 claruit
504 2086 597 2110 anno
617 2083 890 2109 MCLXXXVIII.

669 2246 918 2282 RAPHAEL
944 2247 1174 2282 ECLINUS.
1226 2249 1308 2282 488.

299 2365 503 2400 RAPHAEL
522 2364 672 2399 Eclinus
691 2364 753 2398 ubi
779 2365 937 2398 locorum
963 2363 1105 2403 vixerit,
1131 2375 1177 2398 an
1203 2364 1241 2397 in
1266 2363 1394 2408 patria,
1420 2375 1466 2398 an
1492 2345 1588 2403 alibi,
1615 2375 1685 2398 non

300 2423 525 2468 deprehendi.
576 2422 764 2467 Scripsisse
782 2433 863 2456 eum
881 2422 1018 2466 reperio
1036 2419 1177 2467 Tiguri,

448 2480 502 2515 De
521 2480 746 2526 Syllabarum
764 2479 975 2520 Quantitate
1156 2479 1217 2514 lib.
1238 2488 1263 2513 1.
1317 2478 1540 2514 Bibliotheca
1557 2479 1685 2513 Classi-

925 2539 946 2570 2
967 2545 999 2570 Μ
