2032 2912
321 308 382 338 134
702 301 933 334 HISTORIA
958 299 1330 333 ECCLESIASTICA

329 408 362 435 ct
381 400 551 438 Eustasii,
570 399 626 432 vir
644 407 794 442 magnae
812 400 847 430 et
873 394 1159 439 incomparabilis
1186 392 1415 428 sanctitatis.”
1443 391 1619 426 Trithem.
1650 392 1710 426 lib.

329 468 387 491 111.
407 459 448 491 de
463 457 540 491 Vir.
560 454 726 489 illustrib.
746 453 872 487 Ordin.
891 451 927 486 S.
946 452 1130 486 Benedicti
1149 462 1224 496 cap.
1245 459 1372 484 LXXV.
1392 449 1498 495 Regii
1516 449 1712 495 sanguinis.

328 514 413 548 Vita
430 514 466 547 S.
485 512 626 546 Fiacrii.
672 511 803 545 Uvion.
822 511 883 544 lib.
904 519 963 544 111.
989 520 1070 555 pag.
1092 517 1217 543 Dceu.
1260 507 1553 542 Atrebatensium
1577 512 1715 551 aposto-

329 573 383 604 lus
401 571 510 604 audit.

371 628 512 661 Claruit
531 638 624 661 anno
643 634 815 660 DCXXIV.
845 625 902 658 vel
927 636 1020 658 anno
1038 633 1163 658 DCXL.
1192 624 1351 659 Patriam
1369 624 1403 671 ei
1423 623 1578 657 Scotiam
1599 622 1717 667 adsig-

322 690 382 719 nat
411 685 629 718 Chronicum
659 683 932 717 Cameracense:
961 686 982 701 ‘⁶
1000 681 1044 715 In
1075 682 1153 716 vico
1174 681 1363 716 Albiniaco
1386 685 1439 715 est
1457 679 1715 714 monasterium

321 743 570 776 canonicorum
601 741 721 775 Sancti
755 739 921 780 Chiliani‚
947 739 1009 784 qui
1040 739 1166 773 Scotus
1197 738 1309 773 fuisse
1340 738 1526 773 traditur.’'
1569 737 1717 782 Corrige

325 797 490 833 Chilleni.
535 798 639 834 Joan.
660 798 794 832 Molan.
814 796 926 830 Indic.
946 796 1006 830 SS.
1026 796 1144 842 Belgii
1161 807 1244 842 pag.
1264 804 1353 830 XXI.

726 911 761 946 S.
789 909 1172 945 CAHINNECHUS.
1226 911 1310 944 232.

324 1029 358 1062 S.
379 1029 695 1067 CAHINNECHUS,
716 1031 752 1060 et
770 1026 845 1059 vita
867 1030 902 1058 et
920 1025 1138 1058 monasticae
1164 1024 1372 1068 disciplinae
1398 1023 1607 1057 fundatione
1634 1025 1720 1058 cele-

323 1086 406 1125 bris,
426 1086 621 1119 multorum
640 1083 895 1117 monachorum
913 1086 1026 1126 pater,
1044 1086 1265 1116 memoratur
1283 1081 1327 1115 ab
1338 1080 1552 1114 Adamanno
1566 1079 1671 1114 Scoto
1682 1081 1720 1114 in

324 1143 409 1177 Vita
423 1142 458 1176 S.
477 1142 669 1176 Columbae
684 1141 779 1175 Scoti
797 1140 856 1174 lib.
878 1149 938 1174 111.
953 1150 1028 1183 cap.
1044 1148 1132 1173 XXI.
1147 1132 1182 1158 ““
1197 1139 1500 1173 Monasteriorum
1514 1138 1628 1172 sancti
1640 1137 1722 1172 fun-

322 1201 462 1234 datores
480 1200 522 1233 de
540 1199 669 1238 Scotia,
687 1209 840 1243 quorum
858 1197 1013 1232 illustria
1030 1196 1212 1236 vocabula,
1231 1196 1434 1242 Congellus,
1457 1195 1718 1236 Cahinnechus,

325 1258 545 1297 Brendenus,
564 1257 756 1291 Cormacus
772 1256 803 1296 3⁹⁹
826 1267 889 1289 nee
908 1255 992 1289 alibi
1010 1255 1052 1288 de
1071 1265 1123 1294 eo,
1141 1255 1236 1299 quod
1255 1254 1375 1295 seiam,
1396 1253 1587 1298 quicquam
1605 1254 1722 1299 legere

325 1326 379 1349 me
398 1315 556 1349 memini.
609 1314 758 1357 Scripsit
776 1324 861 1347 vero

473 1372 650 1417 Regulam
669 1371 713 1404 ad
732 1370 877 1405 Fratres
1217 1369 1278 1403 lib.
1299 1378 1323 1402 1.

376 1430 517 1464 Floruit
534 1440 627 1463 anno
647 1437 741 1462 DLV.

739 1543 775 1578 S.
804 1542 1165 1577 COLUMBANUS.
1220 1545 1302 1577 233.

326 1661 360 1694 S.
406 1660 691 1694 COLUMBANUS
734 1669 865 1704 magna
908 1658 963 1691 vir
1004 1658 1136 1701 pietate
1170 1657 1280 1691 fuisse
1314 1657 1532 1701 perhibetur,
1570 1658 1613 1692 de
1652 1669 1724 1703 quo

329 1718 457 1752 Petrus
488 1716 660 1761 Catalogo
688 1715 749 1749 lib.
782 1724 821 1749 x.
854 1726 928 1759 cap.
960 1723 1055 1748 XCV.
1096 1715 1348 1749 Calendarium
1383 1714 1419 1748 S.
1456 1715 1641 1749 Benedicti
1681 1715 1725 1749 de

328 1775 481 1808 Mantua
507 1773 585 1807 MS.
613 1777 649 1807 et
675 1772 710 1807 S.
737 1772 848 1807 Jonas
875 1772 982 1806 abbas
1009 1772 1135 1807 Scotus
1167 1773 1205 1806 in
1230 1771 1318 1807 Vita
1344 1771 1379 1806 S.
1408 1771 1621 1807 Columbani
1647 1783 1723 1818 cap.

329 1841 430 1866 XVII.
472 1843 515 1865 ex
557 1835 699 1865 vetusto
737 1830 909 1874 scriptore
950 1830 1180 1876 Chagnoaldo
1222 1829 1390 1864 Lauduni
1434 1829 1575 1865 Clanati
1618 1831 1723 1875 episc.

328 1895 348 1909 “
368 1889 609 1923 Columbanus
627 1892 703 1922 erat
721 1887 894 1933 sanguine
919 1888 1129 1933 conjunctus
1153 1887 1256 1922 beato
1280 1887 1511 1928 Columbano,
1538 1889 1726 1933 parebant-

328 1958 395 1991 que
414 1947 465 1980 illi
484 1947 591 1980 etiam
609 1945 741 1980 bestiae
767 1949 802 1979 et
820 1946 992 1985 volucres,
1018 1945 1110 1979 sicut
1137 1945 1214 1979 viro
1240 1944 1307 1978 Dei
1335 1945 1567 1986 Columbano,
1594 1947 1636 1980 de
1654 1957 1725 1991 quo

330 2004 430 2037 nobis
465 2003 595 2037 referre
634 2003 769 2036 solebat
808 2001 1060 2048 Chagnoaldus
1101 2002 1160 2049 [in
1197 2002 1410 2047 quibusdam
1453 2003 1631 2038 codicibus
1673 2009 1726 2038 est

331 2059 549 2105 Canoaldus]
579 2060 746 2094 Lauduni
771 2059 911 2093 Clanati
929 2060 1102 2104 pontifex,
1128 2061 1190 2104 qui
1218 2061 1294 2105 ejus
1321 2061 1485 2095 minister
1511 2065 1546 2095 et
1572 2061 1726 2106 discipu-

330 2119 385 2151 lus
414 2118 540 2156 fuerat,
576 2129 656 2151 cum
693 2118 730 2151 in
760 2128 878 2151 eremo
905 2117 1066 2161 precibus
1093 2122 1128 2151 et.
1148 2118 1289 2163 jejunio
1315 2128 1444 2152 vacans
1470 2118 1725 2158 deambularet,

332 2186 434 2218 saepe
452 2186 544 2214 eum,
564 2185 600 2208 se
618 2175 847 2219 inspectante,
870 2173 962 2208 feras
984 2175 1118 2209 belluas
1145 2179 1179 2209 et
1203 2186 1286 2209 aves
1312 2176 1523 2216 accersiisse,
1547 2177 1649 2210 illum
1668 2187 1727 2210 ve-

334 2243 373 2265 ro
404 2231 533 2265 blanda
562 2243 671 2266 manu
696 2244 755 2266 eas
781 2236 997 2273 attrectasse,
1023 2231 1186 2277 ferasque
1212 2237 1247 2266 et
1273 2244 1355 2267 aves
1382 2233 1471 2267 mire
1497 2233 1727 2268 laetabundas

334 2294 369 2322 et
386 2289 610 2328 ludibundas,
637 2294 678 2323 ut
696 2291 809 2324 solent
827 2290 934 2323 catuli
961 2301 1078 2324 coram
1105 2290 1257 2324 dominis
1284 2291 1369 2331 suis,
1396 2292 1595 2331 exultasse3
1623 2301 1727 2335 saepe

334 2346 440 2379 etiam
460 2345 559 2379 illum
578 2346 622 2379 ab
640 2347 822 2381 altissimis
841 2347 1024 2381 arboribus
1043 2359 1204 2382 evocasse
1222 2348 1368 2388 sciuros,
1393 2348 1557 2382 manibus
1582 2359 1641 2382 eos
1666 2358 1726 2391 ap-

336 2402 572 2447 prehendisse,
585 2404 672 2438 collo
686 2415 750 2438 suo
764 2404 984 2448 imposuisse,
991 2395 1105 2449 'atque
1119 2406 1197 2439 illos
1209 2406 1247 2439 in
1258 2406 1376 2439 sinum
1390 2405 1467 2451 ejus
1479 2410 1513 2439 et
1527 2406 1678 2439 intrasse
1692 2409 1726 2437 et
