2032 2912
688 356 864 390 GENTIS
888 357 1165 399 SCOTORUM,
1190 359 1279 392 LIB.
1305 359 1363 391 VI.
1661 361 1724 392 277

337 462 412 485 sam
448 451 575 485 silvam
611 451 749 486 delatus
780 458 844 493 est,
875 455 1077 488 advenienti
1107 454 1249 489 arbores
1280 455 1463 489 cacumina
1493 454 1720 489 inclinarunt.

338 518 439 542 XVII.
468 508 601 543 Terrae
627 510 842 545 mandarunt
866 511 903 545 in
929 512 1138 556 opacissima
1164 523 1205 546 ea
1230 513 1332 547 silva.
1384 521 1503 546 XVIII.
1532 512 1721 547 Fundatur

337 567 491 606 ecclesia,
510 571 545 601 et
563 567 723 612 ingentia
740 567 831 602 fiunt
848 569 1006 613 quotidie
1024 569 1204 603 miracula.
1257 579 1345 604 X1X.
1366 570 1623 605 Miraculorum
1642 582 1723 615 pro-

341 625 517 670 gressus.’'

386 682 528 716 Floruit
545 693 638 716 anno
658 690 752 717 Μῦς.
772 690 808 717 et
825 683 920 728 quod
937 684 1104 718 excurrit.
1156 684 1297 719 Colitur
1323 686 1378 719 die
1405 694 1523 720 XXIV.
1549 685 1721 720 Januarii.

337 740 431 775 Acta
448 740 527 774 loci.

765 840 800 875 s,
830 826 1168 876 FLORENTIUS.
1221 844 1304 877 510.

338 921 359 935 ⁶⁶
381 916 418 950 S.
437 916 720 957 FLORENTIUS‚
740 916 927 950 Scotorum
945 917 1124 962 indigena,
1142 917 1181 950 in
1204 916 1289 951 flore
1307 917 1479 962 juventae
1496 917 1648 962 patriam
1665 928 1724 961 pa-

336 979 525 1019 rentesque
549 975 735 1015 deseruit‚''
763 975 813 1008 ait
839 974 1022 1008 Arnoldus
1049 974 1170 1008 Uvion
1196 975 1257 1008 lib.
1287 983 1348 1008 111.
1377 974 1486 1021 Ligni
1512 975 1627 1010 Vitae.
1643 986 1722 1020 pag.

338 1040 537 1066 CCCLXIII.
587 1032 724 1079 Wolfg.
744 1032 830 1067 Laz.
849 1033 910 1066 lib.
932 1041 1007 1066 ux.
1027 1032 1175 1078 Migrat.
1194 1032 1300 1066 Gent.
1319 1044 1401 1079 pag.
1421 1041 1578 1067 CCCCIX.
1604 1037 1625 1052 ‘⁶
1644 1033 1725 1066 Flo-

336 1090 484 1130 rentius,
498 1090 642 1124 natione
656 1089 815 1125 Scotus.’'
858 1090 987 1124 Petrus
1002 1090 1236 1134 Cratepolius.
1276 1089 1402 1124 Franc.
1417 1089 1542 1124 Irenic.
1556 1090 1721 1124 German.

336 1146 491 1193 Exeges.
520 1148 581 1182 lib.
610 1157 653 1182 11.
681 1159 756 1193 cap.
783 1156 897 1182 XLVI.
945 1147 1081 1182 Anton.
1108 1147 1318 1182 Demochar.
1346 1153 1431 1182 tom.
1457 1157 1499 1182 11.
1530 1148 1573 1181 de
1599 1147 1721 1181 Sacrif.

337 1205 441 1239 Miss.
466 1217 542 1250 cap.
568 1215 699 1240 XXXV.
751 1205 952 1250 Episcopus
970 1205 1245 1252 Argentinensis
1264 1214 1317 1239 IV.
1344 1212 1385 1239 ut
1403 1205 1641 1240 Demochares
1663 1205 1723 1239 ha-

337 1263 395 1297 bet
413 1264 451 1297 in
468 1264 611 1304 tabulis,
641 1264 863 1298 nobilissima
888 1269 988 1297 ortus
1014 1263 1159 1304 familia,
1188 1274 1327 1297 summa
1344 1263 1542 1297 sanctitatis
1561 1263 1724 1308 opinione

336 1321 476 1356 claruit.
528 1321 744 1367 Anonymus
762 1326 886 1355 auctor
903 1321 998 1366 apud
1016 1320 1162 1354 Surium
1180 1326 1265 1355 tom.
1286 1329 1341 1355 VI.
1365 1321 1421 1355 die
1440 1314 1510 1354 VII.
1531 1321 1723 1355 Novembr.

338 1382 359 1396 ⁶⁶
385 1378 477 1413 Cum
505 1379 734 1425 Dagobertus
762 1390 825 1412 rex
856 1379 900 1412 ad
928 1379 1030 1424 regni
1062 1378 1282 1412 Francorum
1311 1378 1551 1424 gubernacula
1581 1379 1726 1417 sederet,

336 1435 372 1469 S.
392 1436 609 1476 Florentius,
627 1448 710 1470 cum
726 1436 839 1470 Beato
853 1435 1068 1482 Argobasto,
1087 1435 1284 1476 Theodato‚
1302 1440 1338 1469 et
1354 1435 1564 1480 Hildulpho,
1578 1447 1596 1469 e
1610 1435 1728 1469 Scotia

337 1495 436 1529 venit
454 1495 493 1528 in
509 1494 710 1535 Alsatiam;
740 1494 802 1528 ubi
827 1505 909 1528 cum
936 1493 970 1526 S.
996 1492 1222 1539 Argobastus
1241 1493 1345 1527 datus
1372 1498 1463 1527 esset
1487 1492 1728 1539 Argentinen-

337 1552 367 1585 si
394 1553 557 1587 ecclesiae
583 1553 744 1592 antistes,
777 1552 912 1586 Beatus
939 1551 1155 1591 Florentius,
1183 1555 1217 1585 et
1243 1551 1282 1585 in
1307 1551 1408 1591 silva,
1435 1561 1542 1596 quam
1569 1548 1728 1584 Hassile

337 1614 477 1650 vocant,
520 1610 582 1645 ubi
617 1609 782 1644 Bruscha
816 1609 948 1643 fluvius
983 1620 1002 1643 e
1035 1613 1155 1643 monte
1191 1607 1333 1654 Vosago
1363 1609 1533 1648 dimanat,
1563 1609 1726 1642 manibus

338 1667 412 1701 suis
444 1668 562 1712 coepit
588 1672 722 1701 terram
748 1668 871 1707 colere,
900 1672 941 1701 ut
970 1666 1082 1700 victui
1110 1666 1306 1700 necessaria
1330 1666 1504 1710 pararet.’'
1555 1665 1724 1699 Constan.

338 1724 447 1759 Ghin.
474 1736 556 1771 pag.
576 1732 720 1758 XXCVI.
750 1728 771 1743 ‘⁶
789 1723 824 1757 S.
852 1723 1037 1763 Florentii,
1064 1723 1218 1767 episcopi
1245 1724 1376 1767 quarti,
1403 1723 1465 1767 qui
1490 1734 1618 1769 genere
1645 1722 1725 1757 Sco-

338 1783 430 1816 tus.''
493 1782 623 1816 Subdit
657 1782 779 1816 eadem
813 1792 903 1826 quae
938 1780 1074 1815 Surius.
1127 1780 1219 1815 Vide
1249 1781 1417 1814 historiae
1447 1781 1583 1820 seriem,
1618 1792 1724 1825 quam

338 1841 376 1873 in
402 1841 581 1885 epitomen
605 1839 743 1885 redegit
769 1839 897 1873 Franc.
928 1837 1103 1879 Haraeus,
1132 1839 1234 1885 cujus
1265 1849 1404 1872 summa
1429 1843 1503 1872 est:
1529 1837 1723 1884 Dagoberti

338 1897 433 1944 regis
451 1897 543 1931 filiae
561 1897 736 1937 Rathildi‚
755 1907 875 1931 caecae
893 1901 928 1930 et
946 1901 1076 1937 mutae,
1095 1897 1213 1931 visum
1231 1901 1267 1931 et
1290 1907 1410 1930 vocem
1434 1896 1613 1936 restituit3
1642 1907 1725 1930 mox

339 1955 522 1990 excedenti
540 1954 726 1995 Rothario,
746 1958 788 1988 ut
806 1954 958 1988 Balaeus
976 1954 1037 1994 ait,
1056 1958 1119 1988 aut
1136 1955 1255 1988 verius
1274 1953 1309 1987 S.
1330 1952 1543 1998 Argobasto,
1557 1954 1723 1987 successit

337 2014 375 2047 in
395 2014 601 2058 episcopatu
617 2012 894 2058 Argentinensi;
921 2023 1047 2056 corpus
1066 2023 1150 2046 vero
1168 2012 1343 2045 divinitus
1364 2011 1566 2045 admonitus
1584 2010 1724 2045 Rhaeto

338 2071 534 2105 transtulit.
583 2069 722 2114 Gaspar
751 2069 959 2110 Bruschius,
988 2075 1023 2104 et
1054 2071 1282 2105 Sebastianus
1306 2070 1526 2109 Munsterus‚
1550 2070 1611 2114 qui
1642 2070 1723 2104 licet

339 2129 430 2162 male
464 2128 507 2161 de
541 2127 609 2161 fide
642 2127 784 2166 sentiat,
818 2127 950 2171 quippe
979 2128 1194 2174 jamdudum
1228 2128 1458 2172 proscriptus,
1493 2127 1723 2161 nihilominus

338 2186 382 2220 de
399 2186 466 2219 hoc
483 2189 605 2219 sancto
622 2184 679 2229 pie
696 2184 867 2229 loquitur.
906 2184 1038 2220 Chron.
1059 2185 1223 2220 Chronic.
1242 2197 1323 2231 pag.
1343 2192 1523 2219 Dccxcn.
1554 2188 1575 2203 ‘⁶
1594 2184 1628 2218 S.
1644 2184 1726 2219 Flo·

341 2243 479 2278 rentius
491 2242 617 2276 Scotus
631 2242 742 2276 nobili
756 2242 892 2276 familia
900 2243 928 2276 :’'
946 2248 980 2276 et
993 2254 1075 2289 pag.
1091 2251 1330 2277 Dcecxxvu.
1355 2246 1377 2261 ‘⁶
1388 2253 1468 2276 cum
1479 2242 1523 2276 ad
1537 2253 1617 2275 eum
1629 2253 1726 2286 pere-

340 2302 571 2348 grinarentur
593 2299 699 2333 multi
721 2299 828 2340 Scoti,
852 2301 901 2344 pii
926 2305 963 2334 et
988 2302 1082 2335 docti
1107 2301 1280 2340 homines,
1306 2300 1503 2334 aedificavit
1522 2300 1607 2344 ipsis
1627 2311 1725 2343 prae-

338 2360 473 2393 clarum
492 2357 699 2392 coenobium
717 2358 762 2391 ad
781 2368 920 2391 amnem
937 2357 1152 2392 Bruschium
1166 2359 1197 2399 ;''
1213 2358 1271 2392 hic
1284 2369 1414 2403 quaeso
1427 2358 1514 2402 quid
1527 2357 1726 2391 mendicent

340 2416 538 2451 Hirlandi?
603 2415 763 2455 Quartus
793 2416 941 2450 antistes
967 2416 1241 2463 Argentinensis
1268 2415 1360 2457 fuit3
1392 2416 1483 2450 male
1511 2415 1614 2449 aliter
1640 2426 1726 2449 non·

339 2475 428 2510 nulli
455 2474 625 2515 sentiunt,
653 2477 689 2508 et
715 2474 753 2508 in
778 2474 835 2509 his
860 2473 964 2509 Joan.
984 2473 1152 2508 Leslaeus
1170 2474 1231 2509 lib.
1251 2482 1306 2508 IV.
1334 2484 1415 2519 pag.
1435 2482 1581 2507 CLXIII.
1633 2471 1724 2519 Ejus
