2044 2992
1006 333 1078 374 xiii

348 441 772 496 jurisprudentiamve
792 438 985 486 colentes,
1004 438 1173 478 laudem
1193 437 1307 478 haud
1326 438 1576 479 mediocrem
1591 437 1731 490 adepti

352 512 476 552 sunt3
508 504 755 558 professores
789 502 855 543 vel
889 502 1014 542 etiam
1045 501 1355 553 gymnasiorum
1389 501 1596 555 praesides
1633 506 1733 540 sunt

353 570 462 616 facti,
482 581 718 621 nomenque
739 566 948 607 Scoticum
967 565 1051 605 late
1067 578 1140 617 per
1155 565 1296 604 orbem
1314 571 1519 605 terrarum
1534 578 1733 619 propaga-

352 638 463 671 runt.
521 631 696 671 Viderat
716 631 803 684 ipse
830 630 1103 683 Dempsterus
1131 627 1298 675 multos,
1324 643 1504 682 quorum
1530 628 1732 675 meminit,

352 695 591 742 sacerdotes,
611 694 871 748 professores,
890 692 1055 740 milites,
1077 697 1119 732 et
1134 692 1348 731 interdum
1363 706 1498 732 mores
1514 692 1733 732 hominum

350 764 479 797 notat.
537 758 617 798 Sed
636 758 814 798 maxime
834 756 972 797 elucet
991 756 1172 796 narratio
1193 757 1283 809 ejus
1303 755 1355 795 de
1376 755 1485 795 tristi
1506 755 1734 795 Hakersto-

350 822 394 861 ni
414 821 511 869 fato,
532 822 616 875 qui,
637 828 680 862 et
699 821 818 862 miles
838 821 957 861 fortis
977 826 1020 860 et
1039 820 1101 859 vir
1121 819 1322 866 eruditus,
1339 824 1497 859 turmas
1514 819 1558 858 in
1574 819 1732 867 Suevia,

349 885 496 933 Gallia,
517 900 563 926 ac
583 885 729 939 Belgio
749 886 860 925 varia
880 885 1050 925 fortuna
1069 884 1257 932 duxerat,
1278 884 1351 923 sed
1370 883 1541 923 tandem
1556 883 1732 923 Comitis

352 948 544 989 Boduelii
564 955 702 1003 partes
722 955 866 989 contra
880 949 906 988 J
909 962 1087 988 oannem
1104 947 1384 988 Metellanum
1400 954 1578 995 secutus,
1595 948 1648 987 ad
1663 961 1733 988 ex-

352 1019 527 1052 tremam
546 1013 728 1066 inopiam
749 1019 811 1053 est
831 1012 1033 1052 redactus.
1093 1011 1243 1065 Neque
1263 1012 1342 1060 hic,
1362 1012 1395 1052 si
1416 1018 1601 1052 mentem
1616 1018 1733 1051 tuam

351 1076 542 1116 mortalia
561 1082 753 1130 tangunt,
778 1082 825 1116 tu
847 1077 1067 1129 gravabere
1087 1075 1308 1129 paululum
1329 1076 1485 1116 intueri
1507 1081 1593 1115 tam
1613 1076 1733 1116 mise-

352 1154 439 1179 ram
460 1154 599 1180 rerum
619 1140 939 1181 conversionem.
998 1145 1019 1163 “
1039 1141 1201 1180 Tantus
1222 1139 1283 1178 vir
1303 1153 1437 1192 nuper
1452 1139 1606 1179 dicitur
1622 1139 1733 1179 Lon-

351 1204 440 1243 dini
476 1204 614 1243 inedia
643 1204 824 1257 periisse,
859 1204 946 1243 fato
972 1203 1087 1243 haud
1117 1204 1243 1244 dubie
1275 1202 1347 1243 illa
1378 1202 1519 1243 indole
1548 1203 1732 1256 indigno.

350 1268 435 1307 Sub
454 1281 613 1306 annum
634 1281 798 1307 Mncxv.
818 1267 980 1306 obviam
1000 1267 1104 1306 mihi
1125 1267 1259 1307 factus
1287 1266 1414 1320 paulo
1443 1273 1541 1307 ante
1571 1267 1733 1307 obitum

350 1331 404 1370 ad
438 1331 558 1370 aedes
591 1331 724 1384 regias
756 1330 1127 1378 westmonasterii,
1159 1344 1266 1384 quae
1304 1330 1538 1370 Cardinalis
1575 1330 1732 1371 Vollsei

350 1395 534 1442 fuerunt,
565 1408 745 1448 cumque
777 1394 946 1434 nomine
976 1394 1144 1448 proprio
1175 1393 1457 1448 appellassem,
1490 1400 1657 1434 tantum
1688 1395 1733 1435 in

351 1458 503 1499 vestitu
524 1458 769 1512 squalorem,
790 1464 832 1498 et
852 1458 895 1498 in
916 1457 1037 1498 vultu
1059 1458 1233 1498 maciem
1253 1458 1457 1506 misertus,
1479 1458 1550 1499 ille
1569 1459 1623 1498 ad
1642 1473 1732 1499 me:

351 1529 362 1546 ‘
384 1523 498 1567 Quid
527 1523 648 1570 facis,’
678 1522 829 1576 inquit,
865 1528 875 1546 ‘
900 1522 978 1570 hic,
1008 1521 1122 1562 coelo
1151 1521 1322 1576 soloque
1349 1522 1484 1562 Musis
1514 1528 1557 1562 et
1585 1523 1733 1563 virtuti

313 1582 320 1588 ’
350 1587 530 1627 aversis?
584 1587 797 1641 Heafuge
816 1587 991 1627 crudeles
1011 1593 1152 1635 terras,
1159 1587 1267 1640 fage
1286 1587 1398 1627 littus
1417 1590 1611 1627 avarum?
1665 1587 1735 1627 In-

352 1657 415 1690 ter
435 1651 536 1690 haec
557 1656 599 1690 et
619 1650 769 1690 similia
787 1651 1052 1704 pervenimus
1072 1650 1125 1689 ad
1144 1650 1169 1689 J
1172 1664 1299 1690 anum
1315 1651 1553 1704 geminum;
1581 1665 1734 1691 merca-

352 1721 491 1754 torum
512 1728 559 1754 ea
578 1715 714 1762 statio,
735 1714 791 1754 ibi
812 1714 983 1767 quidem
1004 1713 1224 1754 Cambium
1245 1714 1366 1761 dicta,
1388 1728 1411 1754 a
1427 1713 1558 1754 Gallis
1575 1714 1732 1755 Bursa:

352 1778 534 1817 instante
557 1778 731 1817 meridie
757 1778 808 1817 ad
833 1778 1057 1830 prandium
1083 1777 1121 1816 ei
1153 1777 1331 1825 condixi,
1358 1778 1431 1817 sed
1455 1777 1526 1817 ille
1552 1777 1661 1818 laeto
1691 1786 1733 1818 et

352 1840 551 1880 renitenti
575 1840 708 1887 vultu,
735 1846 745 1864 ⁶
765 1840 1081 1887 Conditionem,’
1112 1839 1262 1892 inquit,
1289 1845 1298 1863 ⁶
1318 1841 1503 1893 accipere
1530 1855 1615 1880 non
1642 1856 1733 1895 pos-

351 1918 455 1952 sum,
486 1910 630 1944 teneor
663 1903 776 1943 enim
809 1909 1064 1943 sacramento
1098 1902 1257 1942 nullius
1288 1917 1475 1957 unquam
1509 1905 1589 1944 nisi
1620 1918 1731 1945 meas

352 1982 513 2008 mensas
533 1967 770 2012 aditurum;
805 1967 878 2007 sed
903 1967 936 2006 si
962 1981 1046 2007 non
1073 1966 1152 2006 erit
1182 1967 1258 2006 tibi
1288 1967 1510 2020 ingratum,
1533 1968 1730 2022 hospitio-

351 2031 440 2071 lum
466 2045 605 2071 meum
634 2031 677 2071 in
704 2030 855 2070 vicinia
880 2036 953 2078 est,
985 2044 1080 2084 qu0,
1103 2030 1137 2070 si
1163 2029 1310 2084 placet,
1339 2032 1634 2072 concedamus?
1694 2033 1731 2073 E

351 2095 524 2148 vestigio
544 2094 665 2134 illum
685 2100 861 2142 secutus,
882 2094 1071 2134 venimus
1092 2094 1135 2133 in
1156 2095 1420 2147 gurgustium
1448 2095 1661 2144 illiberale,
1688 2105 1731 2137 et

351 2159 438 2212 ipse
457 2158 561 2198 mihi
582 2158 724 2198 sellam
745 2157 948 2198 humilem
968 2163 1011 2198 et
1030 2158 1295 2198 stramineam
1316 2160 1511 2212 porrexit,
1532 2166 1585 2207 et,
1605 2167 1655 2200 ut
1671 2175 1731 2201 se-

350 2223 503 2270 derem,
523 2222 738 2268 invitavit3
773 2222 859 2276 ipse
880 2222 957 2262 sibi
978 2222 1143 2262 cadurci
1171 2222 1393 2262 titubantis
1414 2237 1460 2263 ac
1485 2223 1594 2263 male
1620 2224 1730 2264 firmi

350 2287 550 2340 spondam
571 2286 801 2339 assumpsit,
822 2292 913 2325 tum
933 2286 987 2325 ad
1006 2300 1072 2325 me
1093 2292 1261 2340 stupore
1287 2286 1473 2327 defixum
1500 2302 1729 2336 conversus,

351 2357 361 2374 ‘
381 2351 497 2390 Haec
513 2364 604 2390 mea
619 2353 740 2398 sunt,’
761 2350 911 2403 inquit,
932 2356 942 2373 ⁶
956 2356 999 2390 et
1019 2355 1081 2390 est
1097 2350 1174 2389 ista
1195 2350 1310 2390 sedes
1331 2351 1537 2391 senectuti
1557 2357 1599 2391 et
1619 2351 1732 2392 hisce

350 2414 461 2455 canis
481 2420 686 2454 reservata
702 2417 724 2454 :’
758 2413 980 2468 explicavit
1000 2414 1152 2455 deinde
1173 2414 1345 2455 mantile
1366 2416 1580 2464 rusticum,
1607 2429 1653 2456 ac
1679 2430 1730 2456 ex
