2032 2912
711 346 887 380 GENTIS
912 345 1192 385 SCOTORUM‚
1217 346 1307 379 LIB.
1332 346 1391 378 IV.
1689 345 1753 376 213

358 442 548 484 lustravit3
568 442 630 477 sed
647 453 727 476 cum
751 442 1040 487 deprehendisset
1065 442 1234 488 exiguum
1258 441 1308 476 ibi
1332 440 1446 475 divini
1467 440 1584 475 cultus
1610 450 1751 484 promo-

358 501 464 534 vendi
490 500 688 534 subsidium
715 511 801 540 esse,
827 499 975 534 fratrem
993 500 1031 533 in
1050 499 1193 534 Italiam
1216 503 1270 534 est
1292 498 1505 534 festinanter
1527 497 1748 537 subsecutus,

356 558 564 602 primusque
594 557 785 602 Lupiensis
815 557 1000 601 episcopus
1026 557 1128 591 sedit.
1193 556 1313 601 Lupia
1342 562 1462 591 autem
1493 556 1539 591 ab
1570 566 1749 600 anonymo

356 620 479 650 nostro
504 615 609 650 Scoto
630 615 669 648 in
691 614 893 654 Itinerario,
921 615 1017 658 quod
1042 614 1216 648 tribuitur
1239 613 1330 648 falso
1355 613 1541 649 Antonino
1566 613 1748 659 Augusto,

356 672 464 717 Lipia
496 678 560 713 est,
595 672 632 706 S.
668 672 821 706 Paulino
854 671 1005 715 epistola
1033 672 1077 706 de
1106 671 1207 705 obitu
1240 670 1388 706 Nicetae
1423 671 1546 716 Lepia,
1581 670 1747 706 Straboni

358 729 512 771 Λουπίαι,
530 729 679 774 Lupiae,
698 729 855 770 effertur,
874 728 991 764 Melae
1008 740 1081 764 non
1098 729 1174 764 sine
1190 730 1320 763 menda
1336 728 1503 773 Luspiae,
1520 730 1581 763 sed
1594 728 1749 773 Lupiam

354 787 461 822 habet
487 787 639 827 Plinius,
665 791 701 821 et
727 786 843 820 Melae
873 797 1017 821 concors
1048 787 1287 828 Ptolomaeus,
1313 787 1409 832 apud
1431 798 1537 832 quem
1563 785 1747 821 Λουσπίαιε

355 856 450 880 nunc
468 844 586 880 Rocca
603 844 773 879 Galataeo
791 848 856 884 est,
879 844 964 878 olim
987 844 1145 890 Sybaris,
1166 851 1209 880 ut
1226 846 1306 879 vult
1323 844 1531 884 Pausanias,
1555 855 1619 878 nec
1641 845 1748 890 longo

355 903 437 937 inde
454 907 574 937 tractu
591 902 705 936 Ennii
722 901 874 936 Rudiae.
919 901 1024 936 Hanc
1040 903 1166 937 urbem
1189 903 1310 948 itaque
1327 906 1449 936 noster
1466 907 1502 936 et
1518 906 1659 936 nostras
1677 902 1748 936 Do-

354 966 461 995 natus
479 961 531 995 ita
548 960 657 995 verbo
674 965 710 994 et
728 960 890 1004 exemplo
907 959 1127 1001 informavit,
1145 965 1188 995 ut
1204 961 1289 1007 jure
1315 960 1443 994 merito
1469 960 1546 1006 ejus
1567 960 1747 1004 apostolus

355 1018 478 1054 haberi
495 1019 620 1064 possit.
672 1017 759 1052 Vita
778 1017 813 1051 S.
833 1017 1010 1052 Cathaldi.
1062 1017 1156 1053 Acta
1172 1019 1269 1053 illius
1287 1017 1464 1053 ecclesiae.
1516 1016 1666 1062 Scripsit

499 1075 561 1110 Ad
577 1076 777 1121 Lupienses
796 1075 974 1110 Homilias
1183 1105 1189 1111 .
1293 1076 1354 1110 lib.
1375 1084 1400 1110 Ι.

502 1134 757 1168 Ordinationes
774 1132 954 1167 Ecclesiae
972 1144 1056 1168 suae
1291 1134 1353 1168 lib.
1373 1143 1399 1168 1.

404 1191 546 1226 Floruit
561 1202 654 1226 anno
668 1200 860 1226 CCCLXIV.
887 1190 974 1226 Dies
987 1193 1105 1225 cultus
1117 1196 1171 1226 est
1185 1200 1240 1226 IV.
1254 1190 1427 1238 Augusti,
1441 1195 1477 1225 et
1491 1199 1562 1225 VII.
1577 1191 1746 1238 ejusdem.

824 1305 860 1339 S.
888 1305 1141 1341 DORANUS.
1194 1308 1278 1345 389.

352 1422 386 1456 S.
409 1421 621 1462 DORANUS,
647 1422 832 1466 episcopus
859 1420 996 1462 Scotus,
1023 1420 1084 1455 sed
1110 1421 1148 1454 in
1173 1420 1303 1461 Scotia,
1329 1432 1376 1454 an
1401 1431 1487 1455 vero
1512 1425 1625 1461 extra,
1652 1421 1749 1455 haud

350 1479 453 1514 facile
478 1480 722 1525 dijudicarim;
755 1489 837 1512 eum
861 1483 982 1513 tamen
1006 1479 1059 1513 sic
1084 1482 1250 1513 vocatum
1275 1478 1414 1524 reperio
1440 1489 1461 1512 a
1486 1478 1660 1520 Florario‚
1686 1490 1750 1513 nec

350 1537 424 1571 ulla
441 1538 556 1583 major
574 1537 663 1570 mihi
681 1538 755 1571 lux.

399 1594 530 1629 Annus
545 1606 687 1640 quoque
702 1595 797 1639 apud
811 1605 867 1629 me
885 1594 1053 1635 incertus,
1071 1594 1161 1628 illud
1178 1605 1263 1628 vero
1281 1598 1428 1635 certum,
1447 1605 1529 1628 eum
1547 1594 1614 1628 coli
1632 1594 1688 1628 die
1703 1602 1745 1628 11.

352 1651 547 1687 Novembr.
587 1652 666 1686 Aut
683 1652 792 1698 huJus
812 1657 875 1687 aut
892 1653 1039 1687 alterius
1064 1651 1262 1698 [ejusdem]
1282 1652 1504 1698 cognominis
1522 1652 1686 1685 meminit
1705 1662 1748 1685 ex

353 1709 541 1744 Breviario
566 1709 770 1744 Glascoensi
790 1709 969 1744 Henricus
992 1709 1184 1749 Sinclarus,
1208 1709 1270 1754 qui
1288 1709 1576 1743 archidiaconum
1595 1709 1747 1753 appellat

352 1767 430 1813 ejus
448 1767 552 1802 sedis.

842 1865 878 1900 S.
904 1865 1115 1900 DUFFUS.
1169 1867 1252 1904 390.

352 1941 388 1975 S.
424 1940 603 1981 DUFFUS,
639 1940 826 1975 Scotorum
860 1952 924 1975 rex
958 1949 1124 1975 LXXIIX.
1160 1940 1331 1985 Indulphi
1362 1951 1550 1980 successor,
1585 1941 1742 1980 virtutis,

352 1999 508 2043 pietatis,
522 1998 756 2044 justitiaeque
773 1999 1033 2038 tenacissimus,
1056 2010 1169 2043 usque
1192 1999 1290 2039 adeo,
1314 2003 1357 2033 ut
1380 2010 1460 2032 cum
1478 2010 1556 2032 reos
1574 1999 1745 2042 quosdam

351 2057 587 2091 adolescentes
621 2057 757 2091 nobiles
792 2057 993 2101 plectendos
1036 2057 1240 2096 censuisset,
1283 2068 1346 2090 nec
1389 2067 1538 2101 poenam
1581 2055 1745 2090 Donaldo

353 2113 481 2148 Thano
515 2114 710 2159 impensius
745 2115 976 2148 intercedenti
1010 2115 1219 2154 remitteret,
1254 2115 1375 2149 uxoris
1411 2114 1565 2148 Donaldi
1608 2114 1745 2148 artibus

353 2176 462 2206 noctu
492 2183 556 2205 rex
581 2172 783 2217 jugulatus,
820 2176 957 2216 martyr
992 2176 1045 2205 est
1078 2172 1233 2212 habitus,
1264 2173 1366 2218 cujus
1401 2172 1537 2206 obitum
1572 2173 1657 2206 coeli
1692 2173 1744 2205 lu-

353 2234 505 2269 xerunt3
531 2240 613 2263 nam
633 2234 654 2248 ‘⁶
672 2241 733 2263 sex
752 2230 920 2263 continuo
938 2234 1018 2273 post
1036 2241 1184 2270 menses,
1202 2242 1266 2264 nec
1283 2232 1335 2264 sol
1353 2231 1509 2264 interdiu
1527 2231 1601 2264 suis
1625 2230 1744 2269 radiis,

354 2298 417 2321 nec
443 2288 528 2321 luna
551 2291 659 2321 noctu
683 2298 747 2320 suo
773 2287 918 2325 lumine,
945 2286 1099 2321 Scoticas
1126 2299 1205 2321 oras
1231 2288 1476 2328 collustravit3
1504 2288 1598 2322 unde
1624 2299 1744 2322 omnes

353 2345 568 2390 gravissima
593 2356 753 2390 quaeque
779 2345 845 2379 sibi
873 2344 1057 2385 timebant,
1085 2356 1148 2378 nec
1175 2345 1364 2386 immerito,
1391 2357 1472 2379 cum
1498 2346 1617 2379 omnia
1642 2346 1745 2379 nubi-

355 2402 420 2436 bus
451 2403 613 2442 obducta,
640 2403 757 2437 ventis
784 2402 969 2441 concitata,
995 2403 1209 2447 ignibusque
1234 2403 1413 2443 micantia,
1440 2403 1554 2437 Scotis
1581 2404 1637 2437 vel
1662 2403 1743 2438 hor-

355 2463 501 2496 rendam
536 2466 686 2497 mortem
722 2463 778 2496 vel
812 2461 1053 2496 calamitosam
1083 2461 1195 2495 vitam
1226 2461 1445 2496 intentarent
1459 2462 1488 2495 :''
1525 2461 1632 2496 verba
1659 2467 1742 2495 sunt
