2032 2912
738 331 914 364 GENTIS
939 331 1216 371 SCOTORUM,
1241 331 1330 365 LIB.
1356 332 1421 364 111.
1708 334 1768 365 171

377 427 460 467 dux,
504 427 609 461 unico
648 426 731 467 filio,
775 432 810 462 et
853 427 1074 472 principatus
1113 427 1269 468 haeredi,
1312 428 1512 462 studiorum
1557 439 1768 473 morumque

377 496 508 531 magno
561 485 699 519 ambitu
754 485 881 519 ascivit
939 484 1170 519 formatorem
1220 490 1256 519 et
1312 486 1448 525 ducem,
1500 486 1768 531 admiratusque

377 554 501 577 canam
535 543 761 587 prudentiam
795 543 838 576 de
873 542 1058 576 retinendo
1093 543 1188 586 apud
1230 554 1278 582 se,
1322 544 1552 588 ornandoque
1596 548 1768 588 perpetua

379 601 498 646 aliqua
516 606 551 634 et
569 602 667 634 lauta
688 599 917 633 fortunarum
941 600 1143 634 conditione
1170 599 1321 640 Conaeo,
1350 612 1454 645 saepe
1481 601 1664 646 cogitavit.
1712 601 1768 635 Eo

377 658 415 691 in
454 669 594 692 secessu
639 657 876 701 complurium
914 657 1075 690 virorum
1115 668 1197 690 cum
1236 659 1426 698 natalibus,
1466 663 1545 692 tum
1583 659 1768 693 literarum

376 715 579 760 cognitione
612 715 840 758 inclytorum,
871 714 1065 747 amicitiam
1095 714 1163 749 sibi
1195 715 1408 755 conciliavit,
1445 716 1482 750 in
1523 717 1622 760 queis
1666 716 1769 750 fami-

377 773 565 806 liarissime
599 776 653 805 est
687 782 774 805 usus
809 771 870 805 illo
910 771 1062 805 Nestore
1099 771 1253 806 Hercule
1288 771 1526 813 Rondinellio,
1567 778 1602 807 et
1645 774 1690 808 ab
1729 785 1769 807 eo

375 830 604 864 vehementer
627 829 846 864 aestimatus.
909 828 966 863 Ne
988 841 1073 863 vero
1095 830 1171 863 sine
1193 829 1313 864 fructu
1337 837 1372 864 et
1398 831 1491 863 linea
1516 835 1656 874 tempus
1682 832 1771 865 illud

376 888 564 928 laberetur,
607 888 743 932 aliquot
784 887 959 920 viridibus
994 887 1110 921 adhuc
1144 891 1179 921 et
1212 887 1500 921 herbescentibus
1535 889 1649 927 annis,
1685 900 1771 932 opu-

377 947 474 980 scula
508 956 615 979 canae
646 945 857 979 eruditionis
887 949 922 978 et
953 945 1178 978 consiliorum
1208 945 1313 988 plena
1342 949 1396 978 est
1425 945 1639 979 meditatus:
1678 945 1771 979 inter

377 1014 468 1048 quae
499 1003 631 1037 eminet
662 1002 849 1036 Institutio
884 1002 1070 1046 Principis,
1099 1013 1143 1035 ex
1171 1002 1290 1046 adytis
1320 1003 1531 1046 prudentiae
1561 1008 1596 1037 et
1626 1003 1769 1047 pietatis

375 1061 518 1100 dictata,
563 1061 784 1094 luculentum
824 1064 1030 1103 certumque
1065 1060 1175 1093 animi
1210 1059 1254 1093 ad
1288 1070 1407 1093 rerum
1447 1072 1658 1107 magnarum
1699 1065 1771 1094 tra-

375 1118 565 1152 ctationem
601 1118 676 1151 nati
713 1121 990 1163 argumentum;
1028 1121 1063 1150 et
1093 1117 1263 1157 velitatio‚
1301 1117 1375 1151 sive
1409 1119 1567 1162 prolusio
1601 1118 1770 1152 adversus

377 1175 565 1209 Scotorum
595 1175 726 1214 hostes,
758 1175 853 1208 edita
887 1173 1071 1207 Bononiae
1106 1174 1250 1208 absente
1285 1179 1438 1214 auctore,
1469 1175 1575 1209 titulo
1611 1175 1770 1209 Praeme-

374 1233 520 1273 tiarum,
555 1243 663 1277 quam
706 1231 927 1277 epigraphen
971 1231 1163 1275 ascripsere
1205 1232 1309 1265 amici
1346 1232 1507 1267 homines
1550 1244 1651 1266 suam
1694 1244 1771 1267 sen-

374 1290 525 1324 tentiam
559 1289 682 1323 secuti.
743 1288 836 1322 Cum
866 1293 987 1322 autem
1018 1289 1114 1322 vitae
1140 1300 1254 1334 genus
1287 1290 1561 1323 ecclesiasticum
1591 1291 1659 1324 sibi
1691 1302 1771 1335 pro—

373 1348 551 1392 posuisset
584 1346 758 1387 Conaeus,
794 1357 858 1380 nec
892 1347 1011 1380 aulam
1045 1348 1261 1380 saecularem
1296 1348 1328 1380 ei
1362 1348 1570 1393 cogitationi
1605 1347 1771 1382 idoneum

375 1415 450 1439 esse
492 1404 717 1450 intelligeret,
760 1404 885 1438 adulta
921 1404 1000 1449 jam
1043 1408 1176 1438 aestate
1218 1405 1303 1438 anni
1348 1413 1563 1438 MDcxxm.
1615 1407 1773 1439 maximo

377 1466 489 1502 aestu,
520 1461 573 1495 ita
603 1462 743 1495 volente
778 1460 866 1502 Deo,
904 1460 1058 1495 Romam
1092 1462 1203 1501 venit,
1238 1462 1432 1507 statimque
1469 1463 1507 1496 in
1541 1463 1772 1497 illustrissimi

377 1519 566 1554 cardinalis
593 1519 796 1553 Montisalti
822 1518 995 1552 familiam
1023 1519 1211 1561 admissus,
1238 1520 1290 1554 ita
1313 1531 1350 1554 se
1373 1520 1646 1566 generosissimo
1677 1521 1774 1565 prin·

375 1577 444 1623 cipi
479 1577 646 1622 probavit
680 1587 821 1610 morum
856 1576 1035 1610 suavitate
1070 1581 1105 1611 et
1139 1578 1407 1622 compositione,
1443 1582 1485 1611 ut
1519 1582 1599 1622 post
1634 1589 1772 1612 menses

376 1647 439 1670 sex
472 1635 627 1668 moriens
661 1634 914 1668 honestissimo
947 1635 1066 1680 legato
1104 1634 1286 1669 Conaeum
1326 1636 1491 1669 auxerit:
1526 1636 1587 1679 qui
1623 1641 1773 1679 patrono

376 1694 522 1728 orbatus
556 1693 595 1726 in
628 1692 824 1726 amicitiam
858 1692 1092 1726 illustrissimi
1135 1692 1181 1726 D.
1227 1692 1407 1726 Francisci
1451 1692 1650 1733 Barberini,
1695 1693 1774 1726 Ma-

375 1751 479 1795 phaei
513 1755 600 1784 tunc
634 1749 834 1789 cardinalis,
869 1759 964 1782 nunc
998 1748 1136 1783 Urbani
1170 1749 1275 1784 VIII.
1318 1749 1501 1783 Pontificis
1545 1749 1630 1793 Opt.
1673 1749 1771 1783 Max.

376 1807 498 1841 fratris
525 1807 600 1847 filii,
627 1818 664 1841 se
689 1807 902 1851 penetravit,
929 1807 991 1851 qui
1022 1806 1153 1841 Conaei
1180 1807 1434 1841 consuetudine
1464 1807 1668 1847 delectatuS‚
1703 1812 1774 1841 sta-

377 1866 442 1899 tim
467 1866 611 1899 admoto
638 1865 803 1899 ecclesiae
831 1865 931 1898 clavo
956 1869 1085 1909 patruo
1112 1865 1206 1899 inter
1230 1865 1365 1909 primos
1393 1866 1429 1898 in
1460 1864 1633 1899 familiam
1660 1876 1771 1904 suam,

377 1923 517 1957 volente
546 1922 722 1967 pontifice,
754 1923 918 1963 vocavit3
953 1933 1024 1967 quo
1059 1923 1136 1967 ipso
1169 1927 1327 1967 tempore
1362 1923 1459 1956 dedit
1492 1923 1644 1967 publico,
1680 1923 1772 1957 dica-

378 1982 501 2026 vitque
535 1991 630 2015 novo
663 1980 828 2025 principi,
865 1978 1066 2014 Historiam
1104 1980 1147 2014 de
1190 1980 1434 2014 serenissimae
1475 1980 1661 2015 Scotorum
1702 1980 1772 2014 Re-

377 2040 482 2086 ginae
504 2043 540 2073 et
562 2039 736 2084 Martyris
760 2038 898 2072 Mariae
922 2037 1108 2073 Steuartae
1125 2037 1238 2078 Vita3
1266 2050 1356 2084 quae
1382 2044 1424 2072 ut
1448 2043 1633 2082 conspecta
1657 2038 1773 2082 publi-

380 2102 528 2141 cataque
557 2096 639 2136 fuit,
667 2100 853 2140 tantopere
880 2096 992 2130 doctis
1022 2097 1327 2141 prudentibusque
1355 2097 1501 2141 placuit,
1533 2101 1573 2130 ut
1608 2107 1679 2130 non
1715 2096 1772 2130 de-

379 2154 524 2193 fuerint,
555 2154 618 2199 qui
652 2154 691 2187 in
724 2154 887 2199 linguam
922 2153 1083 2188 Italicam
1118 2154 1266 2188 verterit
1299 2166 1404 2194 unus,
1440 2155 1530 2188 alter
1566 2154 1772 2188 universam

378 2212 621 2246 narrationem
650 2211 874 2256 politissimis
905 2211 1067 2245 versibus
1100 2211 1287 2245 Hetruscis
1317 2213 1523 2252 includeret,
1554 2212 1772 2246 clarissimus

379 2270 445 2310 vir,
478 2278 512 2303 et
543 2269 761 2303 tersissimus
789 2274 904 2313 poeta,
937 2269 1147 2303 Franciscus
1182 2269 1418 2303 Braciolinus.
1473 2269 1671 2304 Maximam
1705 2271 1775 2305 isto

379 2328 511 2372 scripto
546 2327 827 2372 expectationem
861 2327 957 2371 apud
995 2337 1116 2361 omnes
1157 2327 1328 2361 excitavit
1369 2327 1506 2373 majora
1547 2328 1632 2361 olim
1674 2339 1774 2372 prae-

378 2385 522 2426 standi3
550 2389 657 2429 atque
686 2395 782 2418 nunc
811 2396 896 2429 prae
921 2385 1085 2419 manibus
1119 2384 1226 2418 habet
1260 2386 1303 2419 de
1338 2385 1536 2431 Religionis
1571 2386 1665 2431 apud
1694 2385 1774 2419 Sco-

379 2448 434 2477 tos
465 2443 502 2476 in
533 2443 627 2477 hunc
653 2453 766 2487 usque
796 2443 890 2477 diem
916 2442 1021 2477 Statu
1048 2443 1333 2488 compendiosam
1362 2444 1560 2489 historiam,
1587 2455 1693 2488 quam
1721 2455 1774 2477 re-
