2032 2912
354 313 418 344 258
738 309 972 343 HISTORIA
996 309 1372 343 ECCLESIASTICA

355 408 456 447 nico;
486 417 530 440 ex
551 417 622 450 quo
648 409 795 450 apparet
822 405 1079 439 monasterium
1103 405 1139 440 S.
1167 404 1262 440 Galli
1288 405 1395 446 Scoti,
1421 410 1463 440 ut
1485 417 1507 440 a
1530 406 1749 441 nostratibus

354 465 556 503 fundatum,
586 463 638 497 ita
667 474 806 507 semper
830 468 1007 497 nostrates
1033 474 1165 510 magna
1190 464 1397 510 dignatione
1422 464 1600 505 habuisse,
1628 465 1750 509 quales

354 526 438 556 sunt
455 521 524 554 viri
543 521 768 560 sanctissimi,
786 521 914 565 hospes
933 520 968 555 S.
988 520 1134 555 Marcus
1158 522 1354 567 episcopus,
1379 521 1415 557 S.
1436 521 1628 556 Marcellus
1652 521 1751 555 scho-

352 579 481 618 larcha,
501 578 536 612 S.
557 578 737 623 Rapertus
756 579 885 613 nobilis
904 579 1038 619 doctor,
1062 579 1099 613 in
1116 580 1184 615 hoc
1202 590 1330 624 opere:
1359 586 1395 615 et
1413 581 1471 615 hic
1489 579 1632 624 quidem
1651 578 1751 613 Eail-

351 637 454 670 lanus
484 637 739 671 monachorum
765 637 888 671 doctor
915 637 1082 679 videtur;
1120 639 1170 673 sic
1195 639 1291 672 enim
1314 643 1411 674 aetas
1434 639 1497 673 illa
1522 637 1746 682 loquebatur,

350 700 391 728 ut
408 695 446 728 in
466 694 758 729 Muricherodato
776 699 936 740 apparet.
989 694 1140 741 Scripsit

498 751 664 797 Hymnos
683 764 800 787 sacros
1290 753 1352 788 lib.
1373 763 1399 789 1.

499 809 672 844 Lecturas
691 811 808 845 varias
826 811 871 845 ad
889 810 1035 846 Fratres
1291 812 1353 846 lib.
1374 821 1399 846 1.

495 867 600 903 Vitas
619 868 830 903 Sanctorum
1291 870 1352 904 lib.
1373 878 1398 903 1.

397 926 498 960 Obiit
516 937 610 960 anno
629 935 844 961 DCCCCXCI.
898 926 1080 962 Contract.

803 1041 840 1077 S.
868 1041 1142 1078 EUGENIUS.
1196 1042 1280 1081 476.

344 1159 379 1194 S.
401 1159 622 1194 EUGENIUS
639 1159 778 1200 Scotus,
797 1159 912 1194 socius
930 1158 967 1193 S.
987 1159 1169 1194 Mansueti
1187 1158 1295 1200 scoti,
1311 1164 1346 1194 et
1365 1171 1447 1194 cum
1466 1160 1588 1194 eodem
1607 1160 1744 1195 Romae

343 1217 378 1252 S.
407 1217 506 1252 Petri
536 1218 779 1262 apostolorum
804 1218 976 1262 principis
1003 1218 1211 1262 discipulus,
1235 1218 1397 1252 sacerdos
1422 1222 1573 1259 creatus,
1599 1218 1637 1252 in
1661 1217 1745 1253 Gal-

342 1276 427 1310 liam
450 1287 531 1310 cum
557 1281 679 1310 sancta
704 1276 766 1309 illa
790 1275 933 1310 cohorte
956 1276 1164 1322 ablegatus3
1191 1277 1253 1310 sed
1280 1287 1361 1310 cum
1386 1277 1447 1311 ille
1474 1275 1574 1311 Tulli
1593 1288 1745 1323 evange-

341 1335 430 1368 lium
448 1334 707 1375 disseminaret,
727 1345 791 1368 nec
808 1334 928 1378 plures
946 1334 978 1368 ei
995 1334 1093 1378 operi
1110 1334 1299 1369 necessarii
1317 1335 1538 1375 viderentur,
1553 1334 1742 1381 Eugenius

342 1392 465 1426 sitiens
483 1392 609 1426 salutis
627 1392 826 1426 animarum
847 1392 884 1425 in
904 1390 1099 1436 Hispanias
1117 1391 1308 1437 profectus,
1326 1393 1465 1437 primus
1483 1392 1522 1427 in
1546 1392 1742 1437 Hispanias

344 1461 468 1484 verum
499 1450 567 1483 Dei
594 1451 730 1483 cultum
757 1449 950 1494 apostolica
973 1450 1209 1484 sanctimonia
1231 1450 1366 1490 intulit,
1389 1451 1598 1496 primusque
1622 1451 1741 1486 Toleti

342 1508 525 1552 episcopus
563 1507 737 1553 sanguine
772 1518 837 1541 suo
871 1507 1058 1542 veritatem
1095 1508 1264 1554 signavit.
1330 1507 1406 1543 Nos
1442 1508 1550 1553 primi
1586 1509 1741 1553 patriam

343 1566 515 1606 eruimus,
540 1577 650 1610 quare
668 1564 806 1599 Scotiae
834 1564 1012 1609 Hispania
1035 1565 1146 1600 fuerit
1170 1566 1352 1606 obstricta,
1379 1566 1498 1601 Scotia
1515 1566 1628 1607 mihi;
1656 1578 1740 1601 nam

343 1622 429 1657 Vita
455 1622 491 1657 S.
519 1623 703 1658 Mansueti
737 1622 963 1657 Tullensium
990 1623 1141 1668 apostoli
1169 1624 1300 1658 diserte
1325 1623 1534 1670 Eugenium
1562 1625 1740 1669 quendam

341 1682 385 1716 ab
403 1694 443 1716 eo
462 1683 499 1716 in
521 1682 715 1728 Hispanias
734 1681 932 1727 profectum
951 1686 1084 1722 narrat,
1103 1686 1182 1716 orta
1206 1682 1300 1716 inter
1323 1682 1404 1716 illos
1429 1682 1472 1716 de
1498 1682 1604 1717 rebus
1630 1682 1740 1717 sacris

341 1741 410 1774 levi
438 1741 691 1781 controversia,
719 1741 815 1786 quod
840 1741 883 1775 de
909 1740 970 1775 SS.
999 1741 1113 1775 Paulo
1136 1744 1172 1774 et
1196 1739 1365 1774 Barnaba
1387 1751 1565 1774 nonnemo
1590 1740 1740 1775 retulit:

343 1798 400 1832 hic
419 1810 503 1833 vero
523 1800 613 1833 alius
632 1799 677 1834 ab
694 1800 763 1833 isto
781 1810 856 1833 esse
879 1810 953 1833 non
975 1803 1104 1843 potest.
1157 1798 1318 1832 Multum
1341 1809 1380 1832 se
1403 1798 1571 1832 Mariana
1595 1802 1738 1844 torquet

340 1868 447 1901 super
474 1857 551 1903 ejus
577 1858 695 1902 patria
720 1857 811 1891 libro
838 1866 895 1891 XI.
924 1856 1022 1891 Hist.
1051 1856 1154 1901 Hisp.
1183 1867 1259 1900 cap.
1288 1865 1377 1890 XIX.
1403 1857 1466 1901 qui
1492 1856 1583 1890 falso
1609 1867 1691 1891 eum
1717 1867 1739 1890 a

341 1914 375 1948 S.
408 1914 582 1960 Dionysio
613 1926 835 1955 conversum,
867 1926 911 1949 ex
942 1915 1134 1949 traditione
1164 1914 1397 1955 existimavit,
1425 1925 1507 1948 cum
1533 1914 1650 1948 adhuc
1679 1915 1739 1949 ille

341 1972 474 2007 Gallias
501 1984 572 2006 non
597 1974 777 2019 attigerat,
801 1978 844 2007 ut
871 1973 1048 2007 Baronius
1075 1972 1339 2007 illustrissimus
1366 1972 1533 2013 ostendit,
1559 1976 1595 2006 et
1620 1971 1737 2007 fusius

341 2031 519 2065 maximus
550 2030 710 2065 Savaron
737 2031 865 2076 probat
895 2042 976 2065 eum
1006 2042 1079 2065 non
1104 2031 1174 2065 nisi
1200 2031 1245 2064 ad
1272 2030 1506 2065 centesimum
1539 2041 1674 2064 annum
1700 2031 1738 2064 in

340 2088 473 2122 Gallias
503 2090 707 2134 appulisse:
733 2089 821 2123 illud
851 2100 936 2123 vero
966 2088 1128 2123 mirabile
1158 2089 1260 2129 duco,
1292 2088 1388 2133 quod
1416 2088 1451 2122 S.
1483 2087 1642 2134 Eugenii
1672 2099 1737 2123 nec

341 2145 533 2192 Gregorius
563 2147 795 2188 Turonensis,
828 2159 892 2181 nec
921 2147 1128 2193 Sigebertus
1152 2146 1427 2188 Gemblacensis,
1465 2157 1530 2180 nec
1560 2146 1737 2191 Sulpitius

341 2203 501 2244 Severus,
516 2217 578 2239 nec
592 2207 685 2239 ullus
698 2206 842 2239 omnino
854 2210 1014 2240 veterum
1028 2205 1300 2251 hagiologorum
1313 2204 1498 2239 Gallorum
1510 2205 1713 2239 meminerit
1725 2215 1735 2245 3

342 2272 446 2306 quem
463 2262 564 2296 facile
582 2274 652 2296 non
671 2263 948 2307 praeteriissent,
967 2264 996 2297 si
1015 2267 1138 2297 tantus
1157 2263 1214 2296 vir
1231 2263 1269 2297 in
1288 2262 1414 2297 Galliis
1433 2273 1623 2297 conversus
1649 2262 1737 2298 fuis-

343 2324 407 2359 set,
425 2324 489 2353 aut
507 2319 655 2354 Parisiis
675 2332 811 2364 passus.
865 2321 1016 2366 Scripsit

490 2376 657 2412 Carmina
676 2379 775 2413 varia
800 2379 861 2414 lib.
882 2388 907 2414 1.
932 2391 1023 2424 quae
1041 2380 1163 2413 laudat
1181 2379 1336 2413 Michael
1360 2379 1513 2413 Ruizius
1540 2378 1734 2424 Assagrius

538 2434 692 2470 Celtiber
710 2437 754 2470 ad
772 2436 968 2482 Corippum
986 2438 1047 2472 lib.
1069 2446 1094 2472 1.
1113 2448 1211 2471 num.
1233 2446 1275 2471 11.
