2032 2912
699 349 875 382 GENTIS
900 349 1176 389 SCOTORUM,
1202 350 1290 383 LIB.
1316 352 1375 383 VI.
1674 354 1737 386 289

347 453 396 483 so,
423 453 624 483 conversuS,
650 444 774 477 mundi
792 455 959 490 pompam
985 456 1025 479 ac
1049 446 1188 492 generis
1215 447 1270 480 sui
1296 447 1518 491 splendorem
1540 447 1733 493 negligens,

347 501 384 533 in
403 499 569 546 Belgium
586 501 794 547 navigavit:
821 507 857 536 at
881 503 919 536 in
941 508 1101 537 sanctum
1120 503 1381 548 Capueinorum
1408 506 1585 539 cucullum
1612 516 1648 539 se
1674 506 1734 540 ab·

346 558 443 598 dens,
470 557 570 591 brevi
594 557 752 598 fratrem,
777 559 942 603 opinione
965 561 1174 600 sanctitatis,
1201 562 1245 594 ad
1271 573 1307 595 se
1333 566 1452 596 tamen
1478 562 1522 596 ab
1547 562 1733 597 haereticis

345 615 495 657 missum
512 619 554 649 ut
572 615 654 649 inde
672 616 885 657 extraheret,
903 622 945 651 ut
962 618 1112 651 eundem
1135 618 1294 652 habitum
1322 619 1495 659 indueret,
1521 620 1673 660 induxit,
1699 627 1733 655 et

344 676 494 717 uterque
524 672 722 706 incredibili
751 672 890 708 fervore
917 674 994 709 Deo
1028 675 1250 716 servierunt3
1283 680 1318 710 et
1348 677 1465 710 senior
1498 678 1640 722 quidem
1676 679 1733 712 hic

343 734 465 764 noster
481 741 503 763 a
519 729 681 774 patribus
705 731 791 771 suis,
816 735 851 765 et
874 743 896 766 a
918 736 995 766 tota
1019 733 1163 766 ecclesia
1185 732 1308 767 beatus
1331 733 1484 774 habitus,
1511 735 1604 768 diem
1631 735 1733 769 Insu-

344 788 387 821 lis
405 788 443 821 in
462 787 633 822 Flandria
649 788 687 821 in
705 787 862 824 Domino
880 790 1017 825 clausit.
1070 789 1156 824 Vita
1174 790 1251 836 ejus
1264 802 1378 835 nuper
1395 791 1490 825 edita
1506 792 1573 826 sub
1590 794 1731 827 nomine

343 843 454 879 Alter
472 843 610 879 Alexis
627 850 777 890 prostat,
802 848 863 881 sed
880 859 946 894 ego
963 859 1034 883 non
1052 848 1139 882 vidi.
1190 848 1312 893 Atque
1336 849 1380 883 ab
1403 860 1444 883 eo
1467 860 1551 884 sane
1574 850 1731 884 Thomas

342 902 577 947 Dempsterus
609 903 809 937 subsidium
840 906 986 940 coelitus
1020 911 1056 940 et
1084 906 1175 950 petit
1205 910 1240 940 et
1269 911 1443 951 expectat,
1474 906 1545 941 fuit
1576 908 1669 941 enim
1699 909 1730 941 ei

342 971 405 1005 per
432 960 691 1006 Bolquhamiae
726 961 892 997 Leslaeos
922 964 1177 1005 consobrinus3
1204 965 1343 998 utinam
1370 969 1405 998 et
1430 964 1468 998 in
1494 965 1598 999 coelis
1623 965 1731 999 inter-

341 1018 475 1053 cessor!
511 1017 629 1052 Aiunt
646 1018 748 1053 illum
766 1019 866 1054 brevi
884 1032 906 1055 a
923 1020 1086 1056 Romano
1103 1021 1268 1066 pontifice
1286 1026 1490 1056 sanctorum
1509 1022 1588 1057 albo
1607 1033 1730 1069 aggre-

344 1077 514 1122 gaudum.

390 1133 552 1169 Decessit
569 1134 662 1169 circa
679 1146 812 1170 annum
833 1145 1028 1171 MDxcvn.

809 1250 1133 1286 FRANCISCUS.
1186 1254 1269 1289 527.

341 1366 529 1400 MARTYR
563 1366 786 1406 Franciscus‚
820 1367 1014 1401 monachus
1050 1367 1112 1401 SS.
1149 1367 1341 1401 Trinitatis
1375 1379 1440 1412 pro
1475 1368 1729 1413 Redemptione

339 1423 597 1468 Captivorum:
641 1435 722 1457 cum
755 1424 924 1457 haeretici
957 1423 1229 1458 Aberdonenses
1264 1425 1302 1458 in
1338 1425 1593 1459 monasterium
1628 1436 1731 1459 suum

338 1481 473 1515 furioso
503 1481 666 1515 incendio
697 1481 1007 1522 debaccharentur,
1040 1492 1121 1515 cum
1150 1482 1257 1516 vellet
1284 1483 1409 1517 salutis
1438 1484 1635 1523 admonere,
1662 1484 1733 1527 pri-

339 1550 397 1572 mo
415 1538 610 1573 visceribus
635 1537 826 1577 transfixis,
854 1538 980 1572 deinde
1005 1550 1068 1584 per
1092 1539 1225 1585 gradus
1252 1551 1396 1584 corpore
1420 1541 1661 1584 praecipitato,
1689 1541 1732 1574 ad

340 1597 509 1630 ultimum
540 1596 579 1629 in
604 1596 725 1642 ignem
751 1596 875 1630 multis
903 1596 1105 1631 confossum
1132 1597 1340 1631 vulneribus
1366 1598 1586 1643 injecerunt,
1619 1603 1653 1631 et
1684 1598 1733 1631 sic

339 1655 507 1687 innocens
544 1653 601 1687 vir
636 1657 792 1693 sanctus,
825 1664 968 1687 eversae
1003 1654 1277 1699 eliminataeque
1304 1655 1447 1699 pietatis
1482 1655 1583 1689 testis
1614 1655 1731 1688 verius

339 1722 446 1755 quam
466 1711 609 1750 vindex,
628 1710 741 1744 vitam
760 1710 903 1744 veritati
928 1711 1094 1752 reddidit,
1123 1712 1306 1746 meliorem
1330 1722 1410 1746 cum
1433 1724 1472 1746 ea
1497 1717 1731 1747 commutatu-

340 1780 413 1803 rus.
460 1767 644 1802 Gilbertus
663 1766 821 1801 Brunus.

390 1826 522 1860 Passus
540 1829 594 1859 est
612 1835 706 1859 anno
725 1833 876 1859 MDLIX.

721 1940 1000 1976 DUNCANUS
1027 1941 1214 1976 FERNE.
1267 1944 1349 1976 528.

340 2058 572 2092 DUNCANUS
593 2057 709 2092 Ferne
728 2056 865 2097 Scotus,
884 2056 947 2091 diu
965 2057 1113 2092 Parisiis
1131 2058 1240 2092 bonas
1259 2062 1351 2092 artes
1369 2058 1558 2103 professus,
1577 2060 1730 2094 maxime

341 2116 614 2160 philosophiam,
634 2121 669 2149 et
687 2115 795 2149 ditior
812 2114 940 2155 factus,
959 2115 1095 2150 scholas
1113 2116 1280 2156 nationis,
1299 2116 1488 2161 impetrato
1501 2129 1522 2151 a
1535 2128 1617 2163 rege
1635 2123 1730 2152 certo

343 2185 461 2214 censu,
480 2174 616 2218 primus
634 2173 826 2218 reparavit.
874 2172 1004 2206 Rober.
1024 2172 1234 2220 Conglettus
1252 2173 1290 2207 in
1308 2173 1525 2219 compendio
1543 2175 1731 2222 Privilegi-

344 2243 443 2266 orum
459 2231 683 2265 Academiae.
725 2230 855 2265 Postea
869 2230 992 2264 doctor
1007 2230 1184 2266 Sorbonae
1199 2236 1348 2272 creatuS,
1366 2243 1506 2266 summa
1523 2234 1730 2267 eruditionis

343 2290 509 2334 opinione
529 2289 630 2323 vixit.
684 2287 777 2333 Ejus
796 2293 897 2321 sunt:

491 2346 550 2380 Ad
568 2345 705 2392 Regem
723 2356 788 2390 pro
805 2345 1000 2379 Academia
1246 2346 1307 2381 lib.
1328 2357 1352 2381 1.

492 2404 536 2438 In
553 2403 736 2448 Epistolas
754 2402 800 2436 D.
824 2402 926 2436 Pauli
944 2414 1064 2437 omnes
1245 2404 1328 2439 libri
1357 2405 1462 2440 multi
1492 2405 1597 2441 MSS.
1621 2407 1658 2440 in
1684 2408 1732 2441 bi-

539 2461 714 2496 bliotheca
733 2460 768 2495 S.
789 2459 946 2495 Victoris
963 2461 1106 2503 ibidem,
1124 2465 1165 2495 ut
1182 2461 1219 2495 in
1237 2462 1361 2498 indice.
