2032 2912
313 318 375 348 142
692 309 923 343 HISTORIA
948 306 1256 340 ECCLESIASTI
1261 306 1321 339 CA

783 461 818 495 S.
847 459 1098 495 CONANUS.
1153 462 1237 494 243.

316 584 351 622 S.
370 583 577 619 CONANUs‚
595 577 790 612 monachus
815 581 850 611 et
877 576 1073 621 presbyter,
1097 587 1191 609 unus
1215 587 1233 609 e
1259 576 1444 610 duodecim
1471 575 1542 610 illis
1569 582 1710 621 aposto-

316 641 390 674 licis
410 638 497 672 viris
516 637 578 682 qui
600 635 812 681 magistrum
837 634 1098 668 Columbanum
1121 634 1164 667 de
1188 633 1307 668 Scotia
1328 634 1452 675 secuti,
1481 635 1519 668 in
1544 634 1714 681 Burgun-

316 698 410 731 diam
440 698 690 740 pervenerunt,
722 704 833 737 eoque
859 693 941 726 inde
964 693 1123 736 expulso,
1150 693 1206 725 vel
1229 692 1425 737 evangelici
1449 693 1607 727 muneris
1632 705 1712 727 cum

316 756 385 794 illo,
410 765 473 798 per
495 752 674 791 Aurelios,
699 751 937 789 Turonenses,
962 749 1156 789 Nannetes,
1187 753 1222 783 et
1248 748 1480 790 Parisienses,
1510 751 1713 794 participes,

315 813 370 846 vel
388 812 470 845 hinc
493 810 575 843 inde
599 810 643 843 ad
667 809 892 842 ecclesiarum
917 818 1031 847 curas,
1058 818 1099 840 eo
1123 807 1326 847 mandante,
1351 807 1492 852 dilapsi,
1516 812 1557 842 ut
1583 809 1626 842 de
1652 808 1713 842 SS.

316 870 508 914 Sampsone
526 872 561 901 et
580 866 773 900 Potentino
791 865 886 899 infra
903 865 1052 898 dicetur.
1092 864 1163 898 Hic
1181 875 1265 898 vero
1284 876 1328 898 an
1349 865 1545 899 claustrum
1560 865 1712 899 fratrum

315 929 351 961 in
370 927 485 961 Gallia
503 924 697 969 susceperit
713 923 920 969 regendum,
939 933 984 955 an
1004 933 1083 955 cum
1102 922 1233 955 Sancto
1251 921 1354 955 Gallo
1372 923 1410 955 in
1429 921 1607 956 Helvetiis
1632 923 1715 957 hae-

315 986 411 1025 serit,
430 995 474 1018 an
492 984 633 1016 demum
654 992 734 1015 cum
752 980 925 1026 magistro
944 979 1048 1013 Bobii
1068 980 1215 1023 vixerit,
1230 990 1302 1012 non
1317 978 1458 1019 definio,
1475 991 1538 1013 nec
1552 980 1588 1014 S.
1604 980 1715 1014 Jonas

316 1043 440 1076 Scotus
458 1040 625 1085 prodidit.

363 1099 464 1133 Vixit
484 1108 577 1132 anno
596 1106 693 1130 DXL.
713 1100 748 1130 et
766 1096 862 1141 quod
880 1095 1048 1129 excurrit.
1093 1094 1199 1128 Diem
1218 1106 1290 1128 non
1309 1094 1536 1140 deprehendi.

757 1212 791 1246 S.
819 1210 1137 1246 COLONATUS.
1192 1213 1273 1245 244.

316 1332 350 1365 S.
371 1331 621 1365 COLONATUS
644 1328 941 1374 peregrinationis
967 1327 1002 1360 S.
1023 1327 1159 1361 Kiliani
1186 1332 1221 1362 et
1249 1329 1413 1374 martyrii
1441 1331 1584 1376 collega.
1610 1330 1713 1365 Joan.

315 1389 538 1435 Capgravius
554 1392 589 1421 et
603 1387 757 1421 Balaeus
772 1385 989 1431 Sudovolga,
1001 1390 1157 1430 uterque
1175 1384 1330 1432 Anglus‚
1345 1386 1404 1421 ille
1418 1387 1525 1421 etiam
1540 1393 1713 1432 apostata,

314 1451 476 1481 sanctum
493 1446 589 1479 hunc
607 1445 726 1479 virum
744 1443 936 1478 honorifice
961 1445 1184 1488 compellant,
1208 1455 1271 1477 nec
1294 1455 1424 1478 nomen
1451 1446 1528 1491 ejus
1553 1446 1591 1480 in
1617 1446 1713 1481 Mar-

314 1504 516 1550 tyrologio;
544 1503 710 1537 existimo
736 1513 821 1548 ergo
847 1502 966 1545 plures
993 1501 1089 1535 illius
1118 1502 1283 1546 martyrii
1310 1503 1422 1536 socios
1452 1503 1575 1544 fuisse,
1605 1516 1712 1549 quam

315 1563 487 1596 hactenus
506 1561 579 1595 sint
597 1560 789 1594 numerati.
843 1558 918 1593 Nec
937 1561 1040 1604 plura
1064 1560 1107 1593 de
1131 1559 1316 1600 Colonato,
1335 1561 1398 1605 qui
1423 1561 1565 1605 scripsit
1589 1564 1715 1602 multa,

315 1621 375 1655 sed
414 1620 549 1666 injuria
589 1618 759 1663 temporis
797 1622 860 1652 aut
895 1618 1136 1651 studiosorum
1168 1617 1386 1663 negligentia
1421 1619 1614 1663 perierunt,
1651 1632 1714 1655 nec

315 1679 503 1724 quicquam
522 1678 590 1712 nisi
610 1688 739 1711 nomen
757 1680 928 1721 superest.

364 1737 505 1770 Floruit
526 1747 619 1769 anno
640 1743 824 1769 DCXCvn.
851 1746 922 1778 quo
947 1745 967 1767 a
991 1732 1140 1767 Geilana
1164 1745 1245 1767 cum
1269 1734 1443 1779 magistro
1470 1739 1524 1768 est
1547 1735 1714 1770 interem-

316 1798 409 1838 ptus.
462 1793 603 1828 Colitur
628 1793 685 1827 die
704 1802 808 1827 XVII.
836 1792 975 1831 Martii,
1001 1796 1043 1825 ut
1068 1802 1112 1825 ex
1137 1790 1306 1826 Annalib.
1333 1791 1517 1826 Artimani
1549 1794 1713 1828 monachi

319 1852 453 1898 colligit
468 1852 596 1885 Petrus
611 1851 831 1891 Galesinius;
851 1850 911 1883 sed
930 1861 1020 1893 quae
1038 1849 1086 1883 sit
1104 1860 1145 1882 ea
1163 1850 1463 1890 commemoratio,
1483 1851 1620 1896 ignoro.
1652 1851 1713 1886 Vi-

318 1910 360 1943 de
378 1909 554 1943 Uvionem
569 1909 630 1943 lib.
648 1918 707 1942 111.
724 1908 830 1954 Lign.
842 1907 949 1942 Vitae
963 1918 1044 1953 pag.
1061 1916 1225 1941 LXXVII.
1270 1907 1449 1942 Baronius
1467 1908 1648 1943 illustriss.
1669 1911 1713 1944 ad

319 1967 553 2013 Martyrolog.
574 1966 678 2001 Rom.

729 2082 764 2116 S.
792 2081 1152 2117 COLUMBANUS.
1208 2085 1290 2117 245.

323 2198 357 2230 S.
387 2198 681 2239 COLUMBANUS,
713 2198 787 2232 sive
817 2197 1024 2238 columbus,
1055 2203 1119 2233 aut
1154 2199 1339 2239 Columba,
1370 2211 1411 2234 ea
1441 2200 1536 2233 enim
1566 2200 1713 2234 nomina

324 2254 507 2289 confundit
525 2256 623 2290 Beda
648 2257 709 2291 lib.
731 2265 791 2289 111.
821 2255 1014 2290 Historiar.
1044 2268 1119 2302 cap.
1149 2266 1202 2291 1V.
1231 2266 1331 2291 XXV.
1362 2269 1407 2292 ex
1437 2258 1649 2298 Walafrido,
1678 2265 1713 2293 et

325 2312 361 2345 in
380 2312 530 2356 epitome
548 2324 640 2347 anno
659 2323 785 2347 DLXV.
813 2313 945 2347 Baron.
972 2315 1016 2348 ad
1039 2315 1132 2349 diem
1152 2324 1209 2349 IX.
1228 2315 1330 2349 Junii
1348 2316 1386 2350 in
1404 2316 1596 2361 Martyrol.
1621 2317 1716 2350 inter

325 2369 563 2403 sanctissimos
581 2372 695 2415 gentis
711 2376 851 2405 nostrae
865 2372 1070 2406 censendus.
1108 2373 1226 2407 Multa
1243 2372 1424 2419 [scripsit]
1439 2374 1592 2420 eleganti
1606 2373 1711 2417 stylo,

326 2427 374 2460 ait
389 2426 565 2460 Gesnerus
584 2433 759 2463 corrcctus
777 2429 814 2463 in
834 2429 1067 2472 Bibliotheca,
1086 2431 1307 2465 nobilissima
1323 2432 1435 2476 stirpe
1453 2431 1648 2469 oriundus;
1676 2434 1711 2463 et
