2032 2912
717 347 893 381 GENTIS
917 348 1195 390 SCOTORUM,
1220 351 1310 385 LIB.
1333 352 1393 385 VI.
1688 357 1753 391 295

360 440 559 487 porrigens,
579 444 600 461 “
614 439 675 476 En
693 442 738 477 do
755 444 916 487 panem,’'
934 443 1064 489 inquit,
1080 449 1103 465 “
1115 450 1158 480 ut
1170 457 1354 491 nunquam
1368 448 1552 494 episcopus
1565 448 1660 490 fias,’'
1678 461 1751 485 ma-

359 508 446 531 num
466 499 619 533 retraxit
636 510 738 544 puer,
764 511 808 534 ne
834 512 874 535 ea
899 502 976 548 lege
1002 513 1130 546 panem
1156 504 1339 548 acciperet,
1365 506 1461 550 quod
1486 506 1523 540 in
1549 507 1750 542 sanctitatis

358 565 462 589 omen
485 561 679 600 acceptum,
702 568 787 591 nam
804 559 951 593 ancillae
968 559 1133 594 dominus
1151 561 1183 594 ei
1200 562 1449 605 quotidianum
1475 563 1571 598 domi
1594 575 1689 605 suae,
1714 570 1749 599 et

358 617 570 657 perpetuum
595 614 730 648 victum
755 616 1019 659 suppeditavit:
1045 622 1080 650 et
1106 617 1172 651 hoc
1198 629 1281 652 sane
1307 619 1450 654 videtur
1477 620 1672 656 Hirlandos
1697 623 1750 656 in-

357 669 512 710 duxisse,
532 674 585 710 ut,
602 671 689 715 quia
706 683 787 706 eum
807 673 1025 707 mendicasse
1047 680 1302 719 compererant,
1328 687 1435 711 suum
1455 677 1621 719 facerent,
1647 680 1748 724 quasi

356 727 442 771 quia
475 738 597 762 omnes
633 727 802 763 Hirlandi
836 730 1050 770 mendicant,
1084 742 1205 766 omnes
1239 733 1301 777 qui
1333 734 1545 775 mendicent,
1581 735 1748 770 Hirlandi

357 784 456 818 sint:
489 789 526 819 et
551 785 659 819 velim
685 797 707 820 a
733 794 771 820 V.
799 795 862 821 eL.
889 787 1024 832 Campo
1055 789 1155 829 scire,
1183 800 1262 823 cum
1290 794 1363 824 tam
1388 792 1599 836 paupertina
1630 793 1749 827 condi-

357 841 454 876 tione
471 853 554 876 eum
570 842 682 878 fuisse
699 849 848 886 constet,
873 846 1050 890 quomodo
1072 851 1177 892 gente
1204 846 1392 882 Scotorum
1417 847 1623 884 Placentina
1648 855 1748 885 ortus

355 899 414 940 sit,
434 910 525 945 quae
542 911 682 946 semper
697 902 825 946 primo,
843 913 915 937 non
931 903 1128 938 nobilitatis
1145 905 1261 938 solum
1280 905 1342 939 sed
1359 909 1395 939 et
1412 916 1531 950 opum,
1549 907 1664 952 gradu
1686 907 1751 942 ha-

355 956 439 991 bita.
492 956 562 991 Sed
579 957 667 993 haec
683 970 727 993 ex
746 958 874 1005 Campi
900 960 1063 995 Historia
1084 961 1184 996 brevi
1205 962 1341 996 edenda
1363 961 1466 997 facile
1491 963 1634 998 discam.
1688 963 1749 998 Ad

357 1015 492 1058 scripta
510 1015 627 1056 venio,
644 1027 736 1061 quae
752 1028 817 1062 per
833 1018 1101 1053 ornatissimum
1122 1019 1241 1053 virum
1266 1024 1302 1054 et
1324 1020 1429 1066 longe
1446 1020 1648 1065 piissimum
1667 1021 1749 1056 Pla-

355 1072 473 1107 centia
490 1073 619 1118 accepi,
637 1073 685 1108 R.
704 1074 747 1109 P.
767 1074 970 1110 Bassanum
988 1075 1149 1117 Gattum‚
1169 1076 1471 1122 Hieronymianae
1488 1077 1613 1113 Eremi
1628 1090 1749 1114 mona-

353 1130 471 1170 chum,
489 1131 551 1176 qui
569 1132 749 1167 suavitate
765 1143 918 1173 morum,
937 1138 974 1167 et
992 1134 1183 1180 omnigena
1195 1134 1396 1175 literatura,
1412 1140 1448 1170 et
1460 1134 1633 1170 familiam
1647 1147 1748 1171 suam

353 1186 530 1229 nobilitat,
548 1193 584 1223 et
602 1188 781 1224 Thomam
799 1189 1053 1235 Dempsterum
1071 1192 1238 1226 devincit.
1290 1191 1383 1226 Sunt
1402 1197 1524 1227 autem
1541 1203 1604 1228 ea:

502 1245 692 1282 Sermones
710 1248 756 1282 ad
774 1247 954 1293 Populum
971 1249 1057 1283 dicti
1247 1249 1309 1284 lib.
1328 1258 1355 1284 1.
1381 1249 1460 1284 MS.
1479 1250 1523 1285 ad
1541 1250 1748 1286 Dominica-

550 1315 616 1340 nos
642 1304 881 1347 Placentinos,
908 1306 970 1340 sed
995 1306 1097 1341 aiunt
1122 1306 1346 1351 deperditos3
1373 1307 1507 1342 librum
1537 1312 1658 1342 tamen
1688 1308 1749 1343 de-

548 1362 674 1398 scribit
701 1371 741 1397 v.
771 1371 835 1397 eL.
867 1362 1046 1408 Campus3
1082 1364 1120 1397 in
1149 1368 1288 1409 quarto,
1320 1364 1451 1410 inquit,
1480 1370 1584 1400 erant
1610 1365 1746 1410 scripti,

550 1420 760 1455 membrana
777 1421 1009 1456 columnatim
1035 1421 1162 1461 divisa,
1188 1421 1234 1455 ad
1259 1421 1545 1467 magnitudinem
1570 1422 1747 1457 dimidiati

553 1476 748 1512 Breviarii.

501 1534 683 1570 Homiliae
706 1536 752 1570 ad
776 1535 922 1570 Clerum
946 1534 1194 1571 Placentinum
1220 1536 1370 1571 diversis
1395 1536 1577 1572 occasione
1600 1542 1637 1572 et
1661 1541 1748 1572 tem-

551 1603 638 1638 pore
657 1594 827 1628 recitatae
1034 1594 1096 1628 lib.
1115 1603 1142 1628 1.
1159 1595 1292 1639 partim
1310 1594 1396 1628 dum
1413 1599 1506 1629 esset
1523 1595 1746 1640 praepositus

553 1650 590 1685 S.
609 1650 844 1695 Euphemiae,
862 1651 995 1695 partim
1012 1651 1098 1685 dum
1116 1652 1317 1686 canonicus.

499 1707 560 1742 Ad
579 1708 702 1742 Socios
720 1708 870 1742 Parisiis
887 1709 926 1742 in
942 1709 1000 1742 die
1018 1708 1204 1742 Paschatis
1390 1708 1452 1743 lib.
1473 1717 1498 1743 1.

497 1764 556 1800 Ad
578 1765 724 1801 Fratres
742 1777 825 1800 suos
843 1777 924 1800 cum
940 1766 1104 1800 rediisset
1122 1777 1141 1800 e
1159 1764 1287 1800 Schola
1389 1766 1451 1801 lib.
1471 1775 1497 1800 1.

399 1822 508 1858 Anno
527 1832 656 1858 Mcex.
674 1828 814 1858 creatus
832 1828 888 1858 est
909 1823 1092 1868 episcopus
1111 1823 1332 1857 Placentiae:
1361 1823 1493 1859 viderit
1519 1823 1743 1859 Fitz-Simon

350 1879 561 1922 Hirlandus,
592 1892 665 1926 qua
693 1880 841 1927 ignavia
870 1892 950 1915 eum
981 1882 1138 1926 primum
1163 1880 1366 1915 Placentiae
1392 1881 1596 1926 episcopum
1621 1881 1739 1921 faciat,

349 1944 412 1973 aut
429 1939 514 1983 quia
531 1939 749 1973 mendicasse
765 1939 908 1985 legitur,
927 1938 1129 1973 Hibernum
1147 1949 1211 1973 cur
1226 1937 1324 1973 facit.
1380 1938 1593 1974 Translatus
1619 1940 1664 1974 ad
1688 1950 1743 1973 ca·

349 1996 513 2031 thedram
544 1996 770 2030 Ticinensem
801 2007 895 2031 anno
923 2005 1114 2031 Mcexvn.
1141 1996 1323 2040 depositus
1349 2000 1403 2030 est
1428 2007 1521 2031 anno
1549 2005 1739 2031 Mcexxx.

349 2053 493 2089 Colitur
510 2054 567 2088 die
586 2062 707 2088 XXVI.
728 2053 854 2088 Octob.
905 2054 1207 2100 Martyrologium
1224 2053 1438 2094 Romanum,
1456 2058 1493 2088 et
1509 2054 1642 2088 laudati
1661 2064 1742 2087 auc—

352 2117 458 2147 tores.
511 2111 659 2146 Sacrum
678 2122 807 2156 corpus
825 2116 880 2147 est
898 2111 1027 2146 Ticini.

396 2169 474 2204 Nec
490 2169 670 2204 immerito
684 2168 883 2204 Gulielmus
897 2169 1092 2215 Duglasius
1110 2169 1229 2204 Scotia
1245 2180 1407 2216 egressus
1421 2169 1459 2204 in
1472 2168 1615 2204 Italiam
1629 2168 1739 2209 venit,

346 2232 387 2262 ut
405 2227 541 2262 dictum
558 2226 734 2271 superius,
754 2237 929 2272 suumque
943 2226 1155 2267 Placentiae,
1173 2238 1217 2261 ex
1230 2227 1417 2272 antiquiss.
1436 2226 1563 2262 Italiae
1578 2225 1740 2267 urbibus,

346 2285 566 2320 domicilium
589 2283 887 2329 fortunarumque
914 2295 1060 2319 suarum
1082 2286 1199 2319 sedem
1223 2284 1312 2325 fixit,
1336 2296 1483 2330 eamque
1506 2284 1657 2329 posteris
1679 2294 1742 2329 pa-

346 2343 455 2377 triam
473 2341 692 2383 destinavit;
719 2352 791 2387 qua
808 2353 852 2376 ex
874 2342 962 2376 urbe
984 2346 1081 2376 ortae
1099 2347 1183 2377 sunt
1201 2347 1255 2377 tot
1272 2347 1416 2387 tamque
1437 2343 1595 2377 illustres
1620 2340 1741 2376 Scoto-

345 2412 427 2435 rum
453 2399 621 2440 famssiae,
649 2403 691 2434 ut
716 2399 856 2434 circiter
880 2400 999 2434 decem
1029 2404 1065 2434 et
1090 2400 1243 2445 amplius
1272 2411 1367 2434 nunc
1392 2410 1579 2434 numerare
1604 2398 1736 2439 libeat;

345 2469 436 2504 quae
466 2457 665 2493 innumeris
699 2468 809 2503 prope
843 2462 879 2492 et
913 2458 1065 2504 egregiis
1095 2458 1241 2492 coelitus
1272 2462 1376 2493 aucta
1409 2456 1607 2503 privilegiis
1645 2455 1739 2491 efflo-

1007 2518 1029 2550 2
1048 2523 1073 2548 R
