2032 2912
306 313 371 344 ‘232
693 309 927 343 HISTORIA
951 308 1327 342 ECCLESIASTICA

459 408 643 442 Sermones
661 406 704 439 de
723 405 901 449 Tempore
1256 404 1318 439 lib.
1339 414 1364 439 1.

458 463 714 500 Commentarii
731 463 770 497 in
788 462 990 510 Evangelia
1254 463 1315 497 lib.
1338 472 1365 497 1.
1388 462 1601 498 Franciscus
1620 463 1716 499 Gon-

505 533 595 568 zaga
612 525 704 566 part.
725 530 750 555 Ι.
769 533 851 567 pag.
872 530 1066 555 LXXXVII.

456 580 500 615 In
518 579 722 624 Epistolam
741 579 786 614 ad
804 578 987 614 Romanos
1251 579 1311 614 lib.
1333 588 1358 613 1.
1412 578 1562 614 Ibidem.

358 638 458 673 Obiit
482 637 651 672 Coloniae
673 636 899 684 Agrippinae
922 646 1013 672 VIII.
1038 637 1215 673 Novemb.
1247 649 1342 672 anno
1369 638 1476 672 salut.
1507 647 1711 673 Mcccvnl.

308 709 347 731 eo
376 708 469 731 anno
497 707 569 741 quo
598 695 756 730 Henrico
782 695 1066 742 Lucemburgico
1096 695 1182 731 VII.
1223 696 1415 741 imperium
1454 700 1508 730 est
1540 697 1710 731 delatum.

308 755 474 789 Chronic.
503 754 676 800 Hirsaug.
729 753 868 787 Errant
891 754 954 798 qui
975 754 1013 787 in
1036 765 1171 787 annum
1194 762 1412 788 Meccxxx.
1438 754 1619 800 rejiciunt,
1647 766 1711 788 nec

306 814 426 847 minus
461 812 640 847 Gesnerus
683 813 721 846 in
755 811 981 845 Bibliotheca
1023 816 1059 846 et
1099 811 1262 856 Raphael
1296 810 1474 846 Maffaeus
1508 811 1713 847 Volaterra-

306 883 375 906 nus
404 871 465 905 lib.
498 879 587 904 XXI.
619 881 700 916 pag.
732 878 909 904 DCXXXL
940 870 1031 914 lapsi
1062 875 1158 910 sunt,
1193 870 1281 904 dum
1315 869 1420 914 stylis
1456 869 1713 914 discipulorum

305 929 509 964 confossum
528 928 688 967 tradunt,
706 928 802 972 quod
820 928 863 961 de
880 926 904 960 J
906 938 1020 962 oanne
1038 927 1144 962 Scoto
1162 928 1268 973 longe
1286 927 1332 962 ab
1345 927 1415 961 isto
1430 927 1572 961 diverso
1587 938 1712 962 verum

306 993 369 1028 est,
389 991 424 1021 et
441 986 538 1021 infra
555 998 576 1020 a
597 997 654 1020 me
678 985 897 1030 expedietur.
950 985 1128 1031 Denique,
1152 990 1195 1020 ut
1220 989 1339 1020 totum
1365 985 1409 1019 de
1430 985 1492 1020 illo
1511 996 1711 1020 sermonem

306 1045 500 1085 absolvam,
519 1044 714 1078 auctoritas
733 1043 891 1078 Antonii
910 1042 1090 1083 Andreae,
1116 1047 1337 1088 symmystae
1362 1047 1398 1077 et
1423 1043 1591 1087 discipuli
1618 1044 1712 1089 ejus-

305 1104 385 1137 dem
400 1102 567 1136 Doctoris
586 1101 748 1141 Subtilis,
768 1102 830 1146 qui
846 1110 922 1147 XII.
940 1105 1023 1147 post
1037 1113 1117 1136 eum
1137 1113 1232 1136 anno
1250 1100 1441 1135 defunctus
1460 1106 1539 1142 est3
1567 1101 1598 1135 is
1616 1102 1711 1136 enim

305 1160 506 1195 Comment.
522 1160 566 1194 ad
581 1160 642 1193 lib.
660 1169 735 1194 XII.
755 1160 943 1205 Metaphy.
959 1160 1004 1194 ad
1018 1159 1147 1194 finem:
1168 1164 1189 1179 ‘⁶
1203 1158 1297 1193 Tam
1311 1159 1508 1199 sentiendo,
1523 1170 1632 1204 quam
1650 1171 1711 1194 no-

304 1220 413 1253 tando
444 1219 642 1252 doctrinam
668 1218 764 1252 illius
789 1218 1015 1253 subtilissimi
1039 1223 1074 1253 et
1098 1217 1387 1253 excellentissimi
1412 1217 1579 1258 doctoris,
1606 1219 1709 1264 cujus

304 1277 400 1312 fama
418 1282 453 1311 et
471 1277 642 1310 memoria
660 1276 698 1309 in
716 1276 962 1311 benedictione
979 1281 1044 1317 est,
1068 1277 1131 1322 qui
1149 1280 1232 1322 pote
1256 1287 1323 1310 sua
1346 1286 1448 1310 sacra
1472 1280 1507 1310 et
1531 1275 1711 1320 profunda

305 1335 466 1370 doctrina
484 1339 600 1368 totum
620 1334 741 1368 orbem
764 1334 985 1378 adimplevit,
1010 1339 1046 1369 et
1067 1335 1154 1369 facit
1177 1345 1354 1373 resonare,
1380 1333 1512 1368 scilicet
1532 1333 1711 1380 Magister

304 1393 460 1427 Joannes
479 1392 595 1432 Duns,
618 1392 680 1436 qui
708 1391 778 1426 fuit
804 1393 949 1426 natione
967 1392 1106 1434 Scotus,
1126 1392 1299 1438 religione
1317 1391 1474 1426 Minor.''
1517 1391 1709 1427 Bartholo-

305 1462 406 1485 maeo
425 1450 557 1484 Pisano
575 1450 676 1494 paria
698 1450 873 1484 scribente
897 1451 942 1485 ad
968 1450 1183 1485 Conformit.
1210 1458 1268 1484 XI.
1296 1453 1390 1494 part.
1411 1458 1454 1483 ΙΙ.
1480 1460 1562 1495 pag.
1589 1459 1706 1484 CXIII.

305 1509 372 1542 Sed
391 1508 472 1553 quis
491 1507 699 1552 epithaphio
718 1508 967 1543 contradicat?
1020 1508 1115 1543 Satis
1134 1508 1202 1542 erit
1224 1509 1270 1543 ad
1287 1507 1428 1553 Anglos
1456 1507 1708 1554 Hibernosque

304 1577 365 1611 spe
383 1577 449 1600 sua
466 1566 693 1612 dejiciendos.
746 1565 843 1600 Illud
860 1567 910 1600 sic
928 1567 1033 1601 hodie
1052 1566 1221 1601 Coloniae
1238 1566 1383 1612 legitur,
1409 1569 1445 1600 et
1469 1565 1576 1600 habet
1595 1566 1707 1601 Fran-

303 1624 415 1658 ciscus
444 1623 617 1670 Gonzaga
643 1629 735 1669 part.
764 1634 789 1658 1.
816 1635 899 1671 pag.
919 1632 1097 1659 LXXXVI.
1126 1624 1256 1658 Petrus
1284 1623 1510 1668 Cratepolius
1537 1622 1706 1670 Episcop.

302 1681 422 1716 Germ.
441 1694 522 1729 pag.
543 1691 626 1716 XCI.

723 1755 819 1784 Scotia
832 1765 878 1784 me
893 1756 1005 1794 genuit,

720 1803 829 1842 Anglia
843 1803 980 1842 suscepit,

723 1850 820 1879 Gallia
834 1850 971 1885 erudivit,

721 1898 840 1927 Colonia
854 1898 905 1927 sed
918 1909 997 1928 nunc
1010 1904 1102 1928 tenet.

349 1974 447 2009 Dum
474 1980 576 2009 nocte
603 1974 805 2008 nativitatis
831 1974 1029 2009 dominicae
1055 1980 1184 2016 oraret,
1212 1976 1372 2010 salvator
1393 1975 1469 2021 ipse
1493 1975 1524 2009 ei
1549 1986 1587 2009 se
1613 1980 1703 2010 trac-

300 2033 450 2067 tandum
470 2033 571 2077 pueri
590 2033 705 2077 specie
723 2033 882 2068 tradidit.
936 2032 1115 2068 Chronica
1141 2033 1321 2067 Francisc.
1349 2038 1443 2078 part.
1471 2043 1513 2068 11.
1541 2033 1602 2067 lib.
1629 2042 1701 2066 VII.

301 2102 376 2135 cap.
397 2100 457 2125 111.

801 2190 981 2226 DONAT
988 2190 1019 2225 U
1021 2191 1057 2225 S.
1112 2193 1195 2226 422.

302 2262 501 2298 DONATUS
535 2267 573 2299 in
607 2266 725 2310 patria
758 2265 804 2300 D.
841 2265 1028 2301 Benedicti
1059 2268 1221 2313 regulam
1247 2266 1401 2312 juravit,
1438 2271 1518 2302 tum
1554 2267 1590 2301 S.
1622 2266 1700 2301 Ma-

300 2322 401 2355 riano
436 2334 551 2357 comes
586 2324 885 2370 peregrinationis
920 2323 1165 2365 Germanicae,
1196 2325 1354 2360 inclusus
1385 2326 1543 2371 primum
1573 2326 1619 2359 ad
1652 2323 1699 2359 D.

301 2378 399 2413 Petri
441 2381 618 2421 sacellum,
663 2393 747 2416 mox
789 2382 875 2417 novi
915 2382 1103 2417 Scotorum
1152 2383 1311 2418 coenobii
1354 2383 1561 2424 monachus,
1605 2383 1700 2428 quod

301 2437 479 2472 Henricus
509 2438 725 2485 burgravius
758 2449 803 2476 11.
838 2440 952 2475 Scotis
987 2442 1185 2488 peregrinis
1217 2442 1347 2477 ibidem
1379 2443 1517 2477 exstrui
1548 2442 1697 2476 curavit.
