<?xml version="1.0" encoding="UTF-8"?>
<!DOCTYPE html PUBLIC "-//W3C//DTD XHTML 1.0 Transitional//EN"
    "http://www.w3.org/TR/xhtml1/DTD/xhtml1-transitional.dtd">
<html xmlns="http://www.w3.org/1999/xhtml" xml:lang="en" lang="en">
 <head>
  <title>
</title>
<meta http-equiv="Content-Type" content="text/html;charset=utf-8" />
  <meta name='ocr-system' content='tesseract 3.04.00' />
  <meta name='ocr-capabilities' content='ocr_page ocr_carea ocr_par ocr_line ocrx_word'/>
</head>
<body>
  <div class='ocr_page' id='page_1' title='image "./thomaedempste2101dempuoft_0371.png"; bbox 0 0 2032 2912; ppageno 0'>
   <div class='ocr_carea' id='block_1_1' title="bbox 681 345 1728 386">
    <p class='ocr_par' dir='ltr' id='par_1_1' title="bbox 681 345 1728 386">
     <span class='ocr_line' id='line_1_1' title="bbox 681 345 1728 386; baseline 0.001 -5"><span class='ocrx_word' id='word_1_1' title='bbox 681 347 858 381; x_wconf 89' lang='lat' dir='ltr'><strong>GENTIS</strong></span> <span class='ocrx_word' id='word_1_2' title='bbox 883 345 1161 386; x_wconf 89' lang='lat' dir='ltr'><strong>SCOTORUM‚</strong></span> <span class='ocrx_word' id='word_1_3' title='bbox 1185 347 1275 381; x_wconf 91' lang='lat' dir='ltr'><strong>LIB.</strong></span> <span class='ocrx_word' id='word_1_4' title='bbox 1295 348 1373 382; x_wconf 93' lang='lat' dir='ltr'><strong>VII.</strong></span> <span class='ocrx_word' id='word_1_5' title='bbox 1665 350 1728 383; x_wconf 78' lang='lat'><strong>309</strong></span> 
     </span>
    </p>
   </div>
   <div class='ocr_carea' id='block_1_2' title="bbox 338 441 1333 595">
    <p class='ocr_par' dir='ltr' id='par_1_2' title="bbox 338 441 1333 595">
     <span class='ocr_line' id='line_1_2' title="bbox 338 441 1287 490; baseline -0.003 -10"><span class='ocrx_word' id='word_1_6' title='bbox 338 445 498 480; x_wconf 90' lang='lat' dir='ltr'><strong>Lection.</strong></span> <span class='ocrx_word' id='word_1_7' title='bbox 516 454 605 490; x_wconf 84' lang='lat' dir='ltr'><strong>quas</strong></span> <span class='ocrx_word' id='word_1_8' title='bbox 624 442 674 477; x_wconf 93' lang='lat' dir='ltr'><strong>H.</strong></span> <span class='ocrx_word' id='word_1_9' title='bbox 693 442 859 477; x_wconf 84' lang='lat' dir='ltr'><strong>Canisius</strong></span> <span class='ocrx_word' id='word_1_10' title='bbox 876 441 1085 488; x_wconf 85' lang='lat' dir='ltr'><strong>publicavit.</strong></span> <span class='ocrx_word' id='word_1_11' title='bbox 1137 441 1287 487; x_wconf 82' lang='lat' dir='ltr'><strong>Scripsit</strong></span> 
     </span>
     <span class='ocr_line' id='line_1_3' title="bbox 487 500 1333 537; baseline -0.002 -1"><span class='ocrx_word' id='word_1_12' title='bbox 487 501 548 537; x_wconf 92' lang='lat' dir='ltr'><strong>Ad</strong></span> <span class='ocrx_word' id='word_1_13' title='bbox 566 501 731 535; x_wconf 87' lang='lat' dir='ltr'><strong>Boiarios</strong></span> <span class='ocrx_word' id='word_1_14' title='bbox 751 500 930 535; x_wconf 86' lang='lat' dir='ltr'><strong>Homilias</strong></span> <span class='ocrx_word' id='word_1_15' title='bbox 1227 500 1288 534; x_wconf 92' lang='lat' dir='ltr'><strong>lib.</strong></span> <span class='ocrx_word' id='word_1_16' title='bbox 1308 509 1333 534; x_wconf 92' lang='lat'><strong>1.</strong></span> 
     </span>
     <span class='ocr_line' id='line_1_4' title="bbox 387 557 1066 595; baseline -0.006 0"><span class='ocrx_word' id='word_1_17' title='bbox 387 560 528 595; x_wconf 89' lang='lat' dir='ltr'><strong>Claruit</strong></span> <span class='ocrx_word' id='word_1_18' title='bbox 544 569 639 593; x_wconf 88' lang='lat' dir='ltr'><strong>anno</strong></span> <span class='ocrx_word' id='word_1_19' title='bbox 657 566 816 592; x_wconf 76' lang='lat' dir='ltr'>DCXXX-</span> <span class='ocrx_word' id='word_1_20' title='bbox 835 561 897 592; x_wconf 85' lang='lat' dir='ltr'><strong>aut</strong></span> <span class='ocrx_word' id='word_1_21' title='bbox 916 557 1066 591; x_wconf 89' lang='lat' dir='ltr'><strong>circiter.</strong></span> 
     </span>
    </p>
   </div>
   <div class='ocr_carea' id='block_1_3' title="bbox 770 670 1295 709">
    <p class='ocr_par' dir='ltr' id='par_1_3' title="bbox 770 670 1295 709">
     <span class='ocr_line' id='line_1_5' title="bbox 770 670 1295 709; baseline 0 -3"><span class='ocrx_word' id='word_1_22' title='bbox 770 671 807 706; x_wconf 88' lang='lat' dir='ltr'><strong>S.</strong></span> <span class='ocrx_word' id='word_1_23' title='bbox 834 670 1159 706; x_wconf 87' lang='lat' dir='ltr'><strong>GUNIFORTIS.</strong></span> <span class='ocrx_word' id='word_1_24' title='bbox 1212 674 1295 709; x_wconf 86' lang='lat'><strong>575.</strong></span> 
     </span>
    </p>
   </div>
   <div class='ocr_carea' id='block_1_4' title="bbox 339 786 1731 1239">
    <p class='ocr_par' dir='ltr' id='par_1_4' title="bbox 339 786 1731 1122">
     <span class='ocr_line' id='line_1_6' title="bbox 339 786 1727 834; baseline 0 -11"><span class='ocrx_word' id='word_1_25' title='bbox 339 789 375 823; x_wconf 90' lang='lat' dir='ltr'><strong>S.</strong></span> <span class='ocrx_word' id='word_1_26' title='bbox 388 788 660 828; x_wconf 77' lang='lat' dir='ltr'><strong>GUNIFORTIS,</strong></span> <span class='ocrx_word' id='word_1_27' title='bbox 671 787 893 822; x_wconf 87' lang='lat' dir='ltr'><strong>nobilissimo</strong></span> <span class='ocrx_word' id='word_1_28' title='bbox 903 787 980 821; x_wconf 87' lang='lat' dir='ltr'><strong>loco</strong></span> <span class='ocrx_word' id='word_1_29' title='bbox 991 790 1110 829; x_wconf 89' lang='lat' dir='ltr'><strong>natus,</strong></span> <span class='ocrx_word' id='word_1_30' title='bbox 1122 787 1161 821; x_wconf 91' lang='lat' dir='ltr'><strong>in</strong></span> <span class='ocrx_word' id='word_1_31' title='bbox 1173 786 1280 822; x_wconf 89' lang='lat' dir='ltr'><strong>Italia</strong></span> <span class='ocrx_word' id='word_1_32' title='bbox 1292 787 1597 834; x_wconf 86' lang='lat' dir='ltr'><strong>peregrinabatur,</strong></span> <span class='ocrx_word' id='word_1_33' title='bbox 1611 787 1727 824; x_wconf 88' lang='lat' dir='ltr'><strong>Theo-</strong></span> 
     </span>
     <span class='ocr_line' id='line_1_7' title="bbox 341 843 1729 892; baseline 0 -11"><span class='ocrx_word' id='word_1_34' title='bbox 341 847 442 881; x_wconf 88' lang='lat' dir='ltr'><strong>dosio</strong></span> <span class='ocrx_word' id='word_1_35' title='bbox 459 846 655 881; x_wconf 85' lang='lat' dir='ltr'>Mediolani</span> <span class='ocrx_word' id='word_1_36' title='bbox 673 849 812 892; x_wconf 87' lang='lat' dir='ltr'><strong>agente,</strong></span> <span class='ocrx_word' id='word_1_37' title='bbox 838 849 873 880; x_wconf 90' lang='lat' dir='ltr'><strong>et</strong></span> <span class='ocrx_word' id='word_1_38' title='bbox 890 844 935 878; x_wconf 83' lang='lat' dir='ltr'><strong>ab</strong></span> <span class='ocrx_word' id='word_1_39' title='bbox 952 843 1154 880; x_wconf 87' lang='lat' dir='ltr'><strong>infidelibus</strong></span> <span class='ocrx_word' id='word_1_40' title='bbox 1171 849 1307 890; x_wconf 88' lang='lat' dir='ltr'><strong>captus,</strong></span> <span class='ocrx_word' id='word_1_41' title='bbox 1332 845 1542 891; x_wconf 84' lang='lat' dir='ltr'>sagittisque</span> <span class='ocrx_word' id='word_1_42' title='bbox 1560 846 1729 887; x_wconf 85' lang='lat' dir='ltr'><strong>confixus,</strong></span> 
     </span>
     <span class='ocr_line' id='line_1_8' title="bbox 340 902 1729 949; baseline 0 -11"><span class='ocrx_word' id='word_1_43' title='bbox 340 904 460 938; x_wconf 87' lang='lat' dir='ltr'>Ticini</span> <span class='ocrx_word' id='word_1_44' title='bbox 478 904 686 949; x_wconf 83' lang='lat' dir='ltr'><strong>exspiravit,</strong></span> <span class='ocrx_word' id='word_1_45' title='bbox 704 903 767 938; x_wconf 90' lang='lat' dir='ltr'><strong>ubi</strong></span> <span class='ocrx_word' id='word_1_46' title='bbox 784 913 912 948; x_wconf 89' lang='lat' dir='ltr'><strong>corpus</strong></span> <span class='ocrx_word' id='word_1_47' title='bbox 930 902 1069 937; x_wconf 87' lang='lat' dir='ltr'><strong>duabus</strong></span> <span class='ocrx_word' id='word_1_48' title='bbox 1092 903 1124 937; x_wconf 89' lang='lat' dir='ltr'><strong>ei</strong></span> <span class='ocrx_word' id='word_1_49' title='bbox 1142 903 1288 938; x_wconf 89' lang='lat' dir='ltr'><strong>structis</strong></span> <span class='ocrx_word' id='word_1_50' title='bbox 1306 902 1459 937; x_wconf 88' lang='lat' dir='ltr'><strong>ecclesiis</strong></span> <span class='ocrx_word' id='word_1_51' title='bbox 1478 913 1607 948; x_wconf 88' lang='lat' dir='ltr'><strong>magna</strong></span> <span class='ocrx_word' id='word_1_52' title='bbox 1623 904 1729 938; x_wconf 92' lang='lat' dir='ltr'><strong>mira-</strong></span> 
     </span>
     <span class='ocr_line' id='line_1_9' title="bbox 340 958 1731 1007; baseline -0.001 -11"><span class='ocrx_word' id='word_1_53' title='bbox 340 962 501 996; x_wconf 85' lang='lat' dir='ltr'><strong>culorum</strong></span> <span class='ocrx_word' id='word_1_54' title='bbox 519 962 633 1007; x_wconf 88' lang='lat' dir='ltr'><strong>gloria</strong></span> <span class='ocrx_word' id='word_1_55' title='bbox 651 965 868 995; x_wconf 84' lang='lat' dir='ltr'><strong>asservatur.</strong></span> <span class='ocrx_word' id='word_1_56' title='bbox 919 958 1014 994; x_wconf 89' lang='lat' dir='ltr'><strong>Acta</strong></span> <span class='ocrx_word' id='word_1_57' title='bbox 1030 971 1103 995; x_wconf 90' lang='lat' dir='ltr'><strong>non</strong></span> <span class='ocrx_word' id='word_1_58' title='bbox 1120 960 1206 1000; x_wconf 85' lang='lat' dir='ltr'><strong>vidi,</strong></span> <span class='ocrx_word' id='word_1_59' title='bbox 1224 961 1286 995; x_wconf 89' lang='lat' dir='ltr'><strong>sed</strong></span> <span class='ocrx_word' id='word_1_60' title='bbox 1302 960 1444 1005; x_wconf 90' lang='lat' dir='ltr'><strong>publica</strong></span> <span class='ocrx_word' id='word_1_61' title='bbox 1466 959 1563 994; x_wconf 82' lang='lat' dir='ltr'><strong>fama</strong></span> <span class='ocrx_word' id='word_1_62' title='bbox 1586 959 1731 995; x_wconf 87' lang='lat' dir='ltr'><strong>Scotum</strong></span> 
     </span>
     <span class='ocr_line' id='line_1_10' title="bbox 339 1016 1730 1065; baseline 0 -11"><span class='ocrx_word' id='word_1_63' title='bbox 339 1020 436 1054; x_wconf 87' lang='lat' dir='ltr'><strong>facit.</strong></span> <span class='ocrx_word' id='word_1_64' title='bbox 489 1019 631 1054; x_wconf 87' lang='lat' dir='ltr'><strong>Colitur</strong></span> <span class='ocrx_word' id='word_1_65' title='bbox 656 1019 713 1053; x_wconf 85' lang='lat' dir='ltr'><strong>(lie</strong></span> <span class='ocrx_word' id='word_1_66' title='bbox 740 1027 847 1053; x_wconf 81' lang='lat' dir='ltr'><strong>XXII.</strong></span> <span class='ocrx_word' id='word_1_67' title='bbox 874 1016 1048 1065; x_wconf 86' lang='lat' dir='ltr'><strong>Augusti.</strong></span> <span class='ocrx_word' id='word_1_68' title='bbox 1100 1018 1337 1065; x_wconf 87' lang='lat' dir='ltr'><strong>Martyrolog.</strong></span> <span class='ocrx_word' id='word_1_69' title='bbox 1365 1018 1519 1053; x_wconf 86' lang='lat' dir='ltr'><strong>Roman.</strong></span> <span class='ocrx_word' id='word_1_70' title='bbox 1547 1019 1730 1054; x_wconf 86' lang='lat' dir='ltr'><strong>Mombrit.</strong></span> 
     </span>
     <span class='ocr_line' id='line_1_11' title="bbox 341 1076 912 1122; baseline 0 -11"><span class='ocrx_word' id='word_1_71' title='bbox 341 1083 427 1112; x_wconf 88' lang='lat' dir='ltr'><strong>tom.</strong></span> <span class='ocrx_word' id='word_1_72' title='bbox 447 1086 473 1111; x_wconf 86' lang='lat'><strong>1.</strong></span> <span class='ocrx_word' id='word_1_73' title='bbox 525 1076 667 1122; x_wconf 86' lang='lat' dir='ltr'><strong>Scripta</strong></span> <span class='ocrx_word' id='word_1_74' title='bbox 683 1087 757 1111; x_wconf 90' lang='lat' dir='ltr'><strong>non</strong></span> <span class='ocrx_word' id='word_1_75' title='bbox 774 1080 912 1111; x_wconf 84' lang='lat' dir='ltr'><strong>extant.</strong></span> 
     </span>
    </p>

    <p class='ocr_par' dir='ltr' id='par_1_5' title="bbox 389 1133 1731 1182">
     <span class='ocr_line' id='line_1_12' title="bbox 389 1133 1731 1182; baseline 0.001 -13"><span class='ocrx_word' id='word_1_76' title='bbox 389 1135 531 1170; x_wconf 86' lang='lat' dir='ltr'><strong>Floruit</strong></span> <span class='ocrx_word' id='word_1_77' title='bbox 549 1145 644 1170; x_wconf 87' lang='lat' dir='ltr'><strong>anno</strong></span> <span class='ocrx_word' id='word_1_78' title='bbox 661 1142 868 1169; x_wconf 84' lang='lat' dir='ltr'><strong>ccccxvn.</strong></span> <span class='ocrx_word' id='word_1_79' title='bbox 887 1138 951 1169; x_wconf 88' lang='lat' dir='ltr'><strong>aut</strong></span> <span class='ocrx_word' id='word_1_80' title='bbox 969 1133 1121 1168; x_wconf 86' lang='lat' dir='ltr'><strong>circiter.</strong></span> <span class='ocrx_word' id='word_1_81' title='bbox 1172 1133 1281 1169; x_wconf 87' lang='lat' dir='ltr'><strong>Plura</strong></span> <span class='ocrx_word' id='word_1_82' title='bbox 1298 1134 1337 1168; x_wconf 91' lang='lat' dir='ltr'><strong>in</strong></span> <span class='ocrx_word' id='word_1_83' title='bbox 1353 1133 1464 1170; x_wconf 87' lang='lat' dir='ltr'><strong>fratre</strong></span> <span class='ocrx_word' id='word_1_84' title='bbox 1482 1146 1547 1170; x_wconf 88' lang='lat' dir='ltr'><strong>suo</strong></span> <span class='ocrx_word' id='word_1_85' title='bbox 1564 1146 1731 1182; x_wconf 84' lang='lat' dir='ltr'><strong>germano</strong></span> 
     </span>
    </p>

    <p class='ocr_par' dir='ltr' id='par_1_6' title="bbox 341 1191 1081 1239">
     <span class='ocr_line' id='line_1_13' title="bbox 341 1191 1081 1239; baseline -0.001 -12"><span class='ocrx_word' id='word_1_86' title='bbox 341 1192 377 1227; x_wconf 90' lang='lat' dir='ltr'><strong>S.</strong></span> <span class='ocrx_word' id='word_1_87' title='bbox 397 1192 613 1234; x_wconf 87' lang='lat' dir='ltr'><strong>Gunibaldo,</strong></span> <span class='ocrx_word' id='word_1_88' title='bbox 631 1192 735 1239; x_wconf 87' lang='lat' dir='ltr'><strong>cujus</strong></span> <span class='ocrx_word' id='word_1_89' title='bbox 753 1191 889 1227; x_wconf 88' lang='lat' dir='ltr'><strong>mentio</strong></span> <span class='ocrx_word' id='word_1_90' title='bbox 907 1192 1081 1237; x_wconf 89' lang='lat' dir='ltr'><strong>sequitur.</strong></span> 
     </span>
    </p>
   </div>
   <div class='ocr_carea' id='block_1_5' title="bbox 764 1305 1310 1346">
    <p class='ocr_par' dir='ltr' id='par_1_7' title="bbox 764 1305 1310 1346">
     <span class='ocr_line' id='line_1_14' title="bbox 764 1305 1310 1346; baseline 0 -4"><span class='ocrx_word' id='word_1_91' title='bbox 764 1307 801 1342; x_wconf 78' lang='lat' dir='ltr'><strong>S.</strong></span> <span class='ocrx_word' id='word_1_92' title='bbox 828 1305 1172 1343; x_wconf 86' lang='lat' dir='ltr'><strong>GUNIBALDUS.</strong></span> <span class='ocrx_word' id='word_1_93' title='bbox 1225 1306 1310 1346; x_wconf 87' lang='lat'><strong>576.</strong></span> 
     </span>
    </p>
   </div>
   <div class='ocr_carea' id='block_1_6' title="bbox 342 1422 1745 2511">
    <p class='ocr_par' dir='ltr' id='par_1_8' title="bbox 342 1422 1745 2511">
     <span class='ocr_line' id='line_1_15' title="bbox 342 1422 1738 1470; baseline -0.001 -11"><span class='ocrx_word' id='word_1_94' title='bbox 342 1424 378 1459; x_wconf 88' lang='lat' dir='ltr'><strong>S.</strong></span> <span class='ocrx_word' id='word_1_95' title='bbox 392 1423 678 1464; x_wconf 80' lang='lat' dir='ltr'><strong>GUNIBALDUS,</strong></span> <span class='ocrx_word' id='word_1_96' title='bbox 690 1423 803 1458; x_wconf 87' lang='lat' dir='ltr'><strong>frater</strong></span> <span class='ocrx_word' id='word_1_97' title='bbox 815 1434 1008 1470; x_wconf 88' lang='lat' dir='ltr'><strong>germanus</strong></span> <span class='ocrx_word' id='word_1_98' title='bbox 1022 1422 1059 1458; x_wconf 90' lang='lat' dir='ltr'><strong>S.</strong></span> <span class='ocrx_word' id='word_1_99' title='bbox 1072 1422 1286 1464; x_wconf 83' lang='lat' dir='ltr'><strong>Gunifortis,</strong></span> <span class='ocrx_word' id='word_1_100' title='bbox 1301 1423 1598 1469; x_wconf 86' lang='lat' dir='ltr'><strong>peregrinationis</strong></span> <span class='ocrx_word' id='word_1_101' title='bbox 1612 1424 1738 1464; x_wconf 84' lang='lat' dir='ltr'><strong>socius,</strong></span> 
     </span>
     <span class='ocr_line' id='line_1_16' title="bbox 342 1480 1738 1527; baseline -0.002 -10"><span class='ocrx_word' id='word_1_102' title='bbox 342 1483 404 1518; x_wconf 92' lang='lat' dir='ltr'><strong>sed</strong></span> <span class='ocrx_word' id='word_1_103' title='bbox 417 1482 595 1526; x_wconf 85' lang='lat' dir='ltr'><strong>martyrio</strong></span> <span class='ocrx_word' id='word_1_104' title='bbox 609 1482 710 1527; x_wconf 90' lang='lat' dir='ltr'><strong>prius</strong></span> <span class='ocrx_word' id='word_1_105' title='bbox 723 1481 931 1522; x_wconf 87' lang='lat' dir='ltr'><strong>honoratus,</strong></span> <span class='ocrx_word' id='word_1_106' title='bbox 950 1481 993 1515; x_wconf 87' lang='lat' dir='ltr'><strong>de</strong></span> <span class='ocrx_word' id='word_1_107' title='bbox 1010 1480 1142 1526; x_wconf 86' lang='lat' dir='ltr'><strong>quibus</strong></span> <span class='ocrx_word' id='word_1_108' title='bbox 1159 1480 1247 1515; x_wconf 91' lang='lat' dir='ltr'><strong>haec</strong></span> <span class='ocrx_word' id='word_1_109' title='bbox 1264 1484 1347 1516; x_wconf 86' lang='lat' dir='ltr'><strong>sunt</strong></span> <span class='ocrx_word' id='word_1_110' title='bbox 1362 1480 1386 1514; x_wconf 90' lang='lat' dir='ltr'><strong>J</strong></span> <span class='ocrx_word' id='word_1_111' title='bbox 1388 1481 1486 1516; x_wconf 91' lang='lat' dir='ltr'><strong>acobi</strong></span> <span class='ocrx_word' id='word_1_112' title='bbox 1501 1481 1631 1522; x_wconf 87' lang='lat' dir='ltr'><strong>Gualli,</strong></span> <span class='ocrx_word' id='word_1_113' title='bbox 1644 1480 1678 1516; x_wconf 88' lang='lat' dir='ltr'><strong>J.</strong></span> <span class='ocrx_word' id='word_1_114' title='bbox 1698 1481 1738 1516; x_wconf 93' lang='lat' dir='ltr'><strong>C.</strong></span> 
     </span>
     <span class='ocr_line' id='line_1_17' title="bbox 344 1538 1740 1585; baseline -0.001 -10"><span class='ocrx_word' id='word_1_115' title='bbox 344 1540 453 1575; x_wconf 89' lang='lat' dir='ltr'><strong>verba</strong></span> <span class='ocrx_word' id='word_1_116' title='bbox 470 1540 510 1574; x_wconf 92' lang='lat' dir='ltr'><strong>in</strong></span> <span class='ocrx_word' id='word_1_117' title='bbox 529 1539 742 1574; x_wconf 90' lang='lat' dir='ltr'><strong>Sanctuario</strong></span> <span class='ocrx_word' id='word_1_118' title='bbox 756 1538 911 1584; x_wconf 82' lang='lat' dir='ltr'><strong>Papiae:</strong></span> <span class='ocrx_word' id='word_1_119' title='bbox 931 1543 952 1559; x_wconf 92' lang='lat'><strong>“</strong></span> <span class='ocrx_word' id='word_1_120' title='bbox 970 1538 1198 1579; x_wconf 89' lang='lat' dir='ltr'><strong>Gunifortus,</strong></span> <span class='ocrx_word' id='word_1_121' title='bbox 1216 1538 1354 1574; x_wconf 89' lang='lat' dir='ltr'><strong>Scotica</strong></span> <span class='ocrx_word' id='word_1_122' title='bbox 1370 1543 1476 1585; x_wconf 89' lang='lat' dir='ltr'><strong>gente</strong></span> <span class='ocrx_word' id='word_1_123' title='bbox 1495 1544 1612 1580; x_wconf 84' lang='lat' dir='ltr'><strong>natus,</strong></span> <span class='ocrx_word' id='word_1_124' title='bbox 1630 1539 1740 1574; x_wconf 89' lang='lat' dir='ltr'><strong>nobili</strong></span> 
     </span>
     <span class='ocr_line' id='line_1_18' title="bbox 343 1595 1740 1646; baseline -0.002 -12"><span class='ocrx_word' id='word_1_125' title='bbox 343 1610 483 1646; x_wconf 89' lang='lat' dir='ltr'><strong>genere,</strong></span> <span class='ocrx_word' id='word_1_126' title='bbox 501 1598 743 1645; x_wconf 88' lang='lat' dir='ltr'><strong>giganteoque</strong></span> <span class='ocrx_word' id='word_1_127' title='bbox 761 1608 918 1642; x_wconf 89' lang='lat' dir='ltr'><strong>corpore,</strong></span> <span class='ocrx_word' id='word_1_128' title='bbox 937 1608 1019 1631; x_wconf 90' lang='lat' dir='ltr'><strong>cum</strong></span> <span class='ocrx_word' id='word_1_129' title='bbox 1036 1597 1134 1642; x_wconf 90' lang='lat' dir='ltr'><strong>apud</strong></span> <span class='ocrx_word' id='word_1_130' title='bbox 1150 1608 1229 1632; x_wconf 87' lang='lat' dir='ltr'><strong>eam</strong></span> <span class='ocrx_word' id='word_1_131' title='bbox 1246 1595 1421 1631; x_wconf 88' lang='lat' dir='ltr'><strong>Scoticam</strong></span> <span class='ocrx_word' id='word_1_132' title='bbox 1444 1601 1587 1643; x_wconf 87' lang='lat' dir='ltr'><strong>gentem</strong></span> <span class='ocrx_word' id='word_1_133' title='bbox 1610 1608 1740 1643; x_wconf 87' lang='lat' dir='ltr'><strong>magna</strong></span> 
     </span>
     <span class='ocr_line' id='line_1_19' title="bbox 343 1653 1737 1700; baseline -0.002 -9"><span class='ocrx_word' id='word_1_134' title='bbox 343 1657 479 1692; x_wconf 86' lang='lat' dir='ltr'><strong>fureret</strong></span> <span class='ocrx_word' id='word_1_135' title='bbox 508 1656 720 1700; x_wconf 86' lang='lat' dir='ltr'><strong>persecutio,</strong></span> <span class='ocrx_word' id='word_1_136' title='bbox 751 1655 891 1700; x_wconf 88' lang='lat' dir='ltr'><strong>sibique</strong></span> <span class='ocrx_word' id='word_1_137' title='bbox 919 1659 1012 1690; x_wconf 91' lang='lat' dir='ltr'><strong>esset</strong></span> <span class='ocrx_word' id='word_1_138' title='bbox 1039 1655 1137 1690; x_wconf 87' lang='lat' dir='ltr'><strong>cordi</strong></span> <span class='ocrx_word' id='word_1_139' title='bbox 1163 1666 1228 1700; x_wconf 91' lang='lat' dir='ltr'><strong>pro</strong></span> <span class='ocrx_word' id='word_1_140' title='bbox 1254 1653 1400 1689; x_wconf 87' lang='lat' dir='ltr'><strong>Christo</strong></span> <span class='ocrx_word' id='word_1_141' title='bbox 1428 1655 1530 1695; x_wconf 90' lang='lat' dir='ltr'><strong>mori,</strong></span> <span class='ocrx_word' id='word_1_142' title='bbox 1558 1658 1594 1689; x_wconf 88' lang='lat' dir='ltr'><strong>et</strong></span> <span class='ocrx_word' id='word_1_143' title='bbox 1625 1656 1737 1689; x_wconf 85' lang='lat' dir='ltr'><strong>altum</strong></span> 
     </span>
     <span class='ocr_line' id='line_1_20' title="bbox 344 1711 1738 1758; baseline -0.003 -9"><span class='ocrx_word' id='word_1_144' title='bbox 344 1726 430 1750; x_wconf 86' lang='lat' dir='ltr'><strong>suae</strong></span> <span class='ocrx_word' id='word_1_145' title='bbox 455 1714 586 1748; x_wconf 89' lang='lat' dir='ltr'><strong>mentis</strong></span> <span class='ocrx_word' id='word_1_146' title='bbox 612 1713 754 1748; x_wconf 88' lang='lat' dir='ltr'><strong>arderet</strong></span> <span class='ocrx_word' id='word_1_147' title='bbox 780 1717 916 1754; x_wconf 90' lang='lat' dir='ltr'><strong>votum,</strong></span> <span class='ocrx_word' id='word_1_148' title='bbox 942 1713 1104 1758; x_wconf 87' lang='lat' dir='ltr'><strong>potentia</strong></span> <span class='ocrx_word' id='word_1_149' title='bbox 1128 1713 1257 1748; x_wconf 90' lang='lat' dir='ltr'><strong>nobilis</strong></span> <span class='ocrx_word' id='word_1_150' title='bbox 1283 1723 1368 1746; x_wconf 91' lang='lat' dir='ltr'><strong>suae</strong></span> <span class='ocrx_word' id='word_1_151' title='bbox 1393 1711 1549 1746; x_wconf 83' lang='lat' dir='ltr'><strong>familiae</strong></span> <span class='ocrx_word' id='word_1_152' title='bbox 1574 1711 1738 1757; x_wconf 89' lang='lat' dir='ltr'><strong>impediri</strong></span> 
     </span>
     <span class='ocr_line' id='line_1_21' title="bbox 346 1770 1739 1814; baseline -0.002 -8"><span class='ocrx_word' id='word_1_153' title='bbox 346 1772 495 1812; x_wconf 87' lang='lat' dir='ltr'><strong>veritus,</strong></span> <span class='ocrx_word' id='word_1_154' title='bbox 521 1782 602 1806; x_wconf 91' lang='lat' dir='ltr'><strong>cum</strong></span> <span class='ocrx_word' id='word_1_155' title='bbox 629 1771 741 1806; x_wconf 85' lang='lat' dir='ltr'><strong>fratre</strong></span> <span class='ocrx_word' id='word_1_156' title='bbox 764 1781 830 1805; x_wconf 91' lang='lat' dir='ltr'><strong>suo</strong></span> <span class='ocrx_word' id='word_1_157' title='bbox 858 1770 1062 1806; x_wconf 88' lang='lat' dir='ltr'><strong>Gunibaldo</strong></span> <span class='ocrx_word' id='word_1_158' title='bbox 1088 1783 1129 1806; x_wconf 90' lang='lat' dir='ltr'><strong>ac</strong></span> <span class='ocrx_word' id='word_1_159' title='bbox 1154 1771 1291 1805; x_wconf 87' lang='lat' dir='ltr'><strong>duabus</strong></span> <span class='ocrx_word' id='word_1_160' title='bbox 1318 1770 1497 1805; x_wconf 91' lang='lat' dir='ltr'><strong>sororibus</strong></span> <span class='ocrx_word' id='word_1_161' title='bbox 1523 1770 1680 1814; x_wconf 84' lang='lat' dir='ltr'><strong>perrexit</strong></span> <span class='ocrx_word' id='word_1_162' title='bbox 1702 1770 1739 1804; x_wconf 93' lang='lat' dir='ltr'><strong>in</strong></span> 
     </span>
     <span class='ocr_line' id='line_1_22' title="bbox 345 1828 1739 1870; baseline -0.002 -6"><span class='ocrx_word' id='word_1_163' title='bbox 345 1829 586 1870; x_wconf 84' lang='lat' dir='ltr'><strong>Germaniam,</strong></span> <span class='ocrx_word' id='word_1_164' title='bbox 611 1829 674 1864; x_wconf 92' lang='lat' dir='ltr'><strong>ubi</strong></span> <span class='ocrx_word' id='word_1_165' title='bbox 700 1828 899 1863; x_wconf 84' lang='lat' dir='ltr'><strong>Christiani</strong></span> <span class='ocrx_word' id='word_1_166' title='bbox 925 1829 1035 1864; x_wconf 88' lang='lat' dir='ltr'><strong>variis</strong></span> <span class='ocrx_word' id='word_1_167' title='bbox 1060 1829 1248 1864; x_wconf 89' lang='lat' dir='ltr'><strong>tormentis</strong></span> <span class='ocrx_word' id='word_1_168' title='bbox 1275 1828 1544 1863; x_wconf 89' lang='lat' dir='ltr'><strong>occidebantur:</strong></span> <span class='ocrx_word' id='word_1_169' title='bbox 1569 1828 1674 1868; x_wconf 89' lang='lat' dir='ltr'><strong>unde,</strong></span> <span class='ocrx_word' id='word_1_170' title='bbox 1698 1833 1739 1862; x_wconf 92' lang='lat' dir='ltr'><strong>ut</strong></span> 
     </span>
     <span class='ocr_line' id='line_1_23' title="bbox 347 1885 1740 1932; baseline -0.002 -11"><span class='ocrx_word' id='word_1_171' title='bbox 347 1898 470 1922; x_wconf 90' lang='lat' dir='ltr'><strong>eorum</strong></span> <span class='ocrx_word' id='word_1_172' title='bbox 488 1892 614 1921; x_wconf 90' lang='lat' dir='ltr'><strong>votum</strong></span> <span class='ocrx_word' id='word_1_173' title='bbox 636 1887 872 1932; x_wconf 88' lang='lat' dir='ltr'><strong>perducerent</strong></span> <span class='ocrx_word' id='word_1_174' title='bbox 897 1888 943 1922; x_wconf 93' lang='lat' dir='ltr'><strong>ad</strong></span> <span class='ocrx_word' id='word_1_175' title='bbox 968 1887 1144 1929; x_wconf 88' lang='lat' dir='ltr'><strong>effectum,</strong></span> <span class='ocrx_word' id='word_1_176' title='bbox 1172 1886 1307 1921; x_wconf 88' lang='lat' dir='ltr'><strong>Christi</strong></span> <span class='ocrx_word' id='word_1_177' title='bbox 1333 1886 1414 1920; x_wconf 93' lang='lat' dir='ltr'><strong>fidei</strong></span> <span class='ocrx_word' id='word_1_178' title='bbox 1440 1885 1582 1920; x_wconf 85' lang='lat' dir='ltr'><strong>flamma</strong></span> <span class='ocrx_word' id='word_1_179' title='bbox 1606 1886 1740 1919; x_wconf 88' lang='lat' dir='ltr'><strong>incensi</strong></span> 
     </span>
     <span class='ocr_line' id='line_1_24' title="bbox 348 1943 1739 1994; baseline -0.002 -15"><span class='ocrx_word' id='word_1_180' title='bbox 348 1956 481 1991; x_wconf 88' lang='lat' dir='ltr'><strong>magno</strong></span> <span class='ocrx_word' id='word_1_181' title='bbox 512 1945 643 1989; x_wconf 87' lang='lat' dir='ltr'><strong>spiritu</strong></span> <span class='ocrx_word' id='word_1_182' title='bbox 674 1946 774 1980; x_wconf 88' lang='lat' dir='ltr'><strong>illam</strong></span> <span class='ocrx_word' id='word_1_183' title='bbox 803 1945 1068 1994; x_wconf 78' lang='lat' dir='ltr'><strong>praedicabant.</strong></span> <span class='ocrx_word' id='word_1_184' title='bbox 1130 1945 1235 1980; x_wconf 84' lang='lat' dir='ltr'><strong>Tunc</strong></span> <span class='ocrx_word' id='word_1_185' title='bbox 1265 1945 1466 1989; x_wconf 85' lang='lat' dir='ltr'><strong>capiuntur,</strong></span> <span class='ocrx_word' id='word_1_186' title='bbox 1497 1948 1532 1978; x_wconf 89' lang='lat' dir='ltr'><strong>et</strong></span> <span class='ocrx_word' id='word_1_187' title='bbox 1559 1943 1739 1988; x_wconf 88' lang='lat' dir='ltr'><strong>suppliciis</strong></span> 
     </span>
     <span class='ocr_line' id='line_1_25' title="bbox 348 2001 1736 2049; baseline -0.001 -13"><span class='ocrx_word' id='word_1_188' title='bbox 348 2003 539 2037; x_wconf 87' lang='lat' dir='ltr'><strong>crudeliter</strong></span> <span class='ocrx_word' id='word_1_189' title='bbox 554 2003 763 2043; x_wconf 87' lang='lat' dir='ltr'><strong>caeduntur,</strong></span> <span class='ocrx_word' id='word_1_190' title='bbox 776 2003 884 2044; x_wconf 91' lang='lat' dir='ltr'><strong>unde,</strong></span> <span class='ocrx_word' id='word_1_191' title='bbox 896 2002 964 2037; x_wconf 92' lang='lat' dir='ltr'><strong>Dei</strong></span> <span class='ocrx_word' id='word_1_192' title='bbox 978 2004 1113 2038; x_wconf 88' lang='lat' dir='ltr'><strong>virtute</strong></span> <span class='ocrx_word' id='word_1_193' title='bbox 1127 2008 1306 2049; x_wconf 89' lang='lat' dir='ltr'><strong>operante,</strong></span> <span class='ocrx_word' id='word_1_194' title='bbox 1321 2003 1505 2037; x_wconf 88' lang='lat' dir='ltr'><strong>salvantur</strong></span> <span class='ocrx_word' id='word_1_195' title='bbox 1517 2002 1585 2046; x_wconf 89' lang='lat' dir='ltr'><strong>ipsi</strong></span> <span class='ocrx_word' id='word_1_196' title='bbox 1599 2001 1736 2041; x_wconf 87' lang='lat' dir='ltr'><strong>fratres,</strong></span> 
     </span>
     <span class='ocr_line' id='line_1_26' title="bbox 350 2059 1740 2107; baseline -0.002 -13"><span class='ocrx_word' id='word_1_197' title='bbox 350 2072 488 2095; x_wconf 91' lang='lat' dir='ltr'><strong>sorores</strong></span> <span class='ocrx_word' id='word_1_198' title='bbox 506 2071 604 2101; x_wconf 87' lang='lat' dir='ltr'><strong>vero,</strong></span> <span class='ocrx_word' id='word_1_199' title='bbox 622 2072 752 2106; x_wconf 87' lang='lat' dir='ltr'><strong>genere</strong></span> <span class='ocrx_word' id='word_1_200' title='bbox 780 2066 816 2095; x_wconf 93' lang='lat' dir='ltr'><strong>et</strong></span> <span class='ocrx_word' id='word_1_201' title='bbox 842 2061 958 2096; x_wconf 88' lang='lat' dir='ltr'><strong>forma</strong></span> <span class='ocrx_word' id='word_1_202' title='bbox 983 2061 1171 2107; x_wconf 89' lang='lat' dir='ltr'><strong>speciosae,</strong></span> <span class='ocrx_word' id='word_1_203' title='bbox 1196 2061 1423 2106; x_wconf 89' lang='lat' dir='ltr'><strong>speciosiores</strong></span> <span class='ocrx_word' id='word_1_204' title='bbox 1447 2060 1514 2093; x_wconf 92' lang='lat' dir='ltr'><strong>fide</strong></span> <span class='ocrx_word' id='word_1_205' title='bbox 1541 2063 1576 2093; x_wconf 91' lang='lat' dir='ltr'><strong>et</strong></span> <span class='ocrx_word' id='word_1_206' title='bbox 1592 2059 1740 2104; x_wconf 85' lang='lat' dir='ltr'><strong>virgini-</strong></span> 
     </span>
     <span class='ocr_line' id='line_1_27' title="bbox 349 2116 1742 2166; baseline -0.002 -14"><span class='ocrx_word' id='word_1_207' title='bbox 349 2119 436 2152; x_wconf 88' lang='lat' dir='ltr'><strong>tatis</strong></span> <span class='ocrx_word' id='word_1_208' title='bbox 471 2119 560 2158; x_wconf 90' lang='lat' dir='ltr'><strong>zelo,</strong></span> <span class='ocrx_word' id='word_1_209' title='bbox 599 2123 767 2163; x_wconf 88' lang='lat' dir='ltr'><strong>superata</strong></span> <span class='ocrx_word' id='word_1_210' title='bbox 802 2118 957 2153; x_wconf 89' lang='lat' dir='ltr'><strong>feminea</strong></span> <span class='ocrx_word' id='word_1_211' title='bbox 987 2119 1194 2166; x_wconf 87' lang='lat' dir='ltr'><strong>fragilitate,</strong></span> <span class='ocrx_word' id='word_1_212' title='bbox 1230 2118 1414 2153; x_wconf 87' lang='lat' dir='ltr'><strong>accedente</strong></span> <span class='ocrx_word' id='word_1_213' title='bbox 1448 2118 1554 2152; x_wconf 88' lang='lat' dir='ltr'><strong>etiam</strong></span> <span class='ocrx_word' id='word_1_214' title='bbox 1588 2116 1742 2150; x_wconf 85' lang='lat' dir='ltr'><strong>fratrum</strong></span> 
     </span>
     <span class='ocr_line' id='line_1_28' title="bbox 354 2173 1740 2217; baseline -0.001 -8"><span class='ocrx_word' id='word_1_215' title='bbox 354 2175 614 2217; x_wconf 84' lang='lat' dir='ltr'><strong>exhortatione,</strong></span> <span class='ocrx_word' id='word_1_216' title='bbox 631 2176 744 2210; x_wconf 82' lang='lat' dir='ltr'><strong>‘oculis</strong></span> <span class='ocrx_word' id='word_1_217' title='bbox 762 2187 803 2210; x_wconf 87' lang='lat' dir='ltr'><strong>ac</strong></span> <span class='ocrx_word' id='word_1_218' title='bbox 819 2177 985 2211; x_wconf 89' lang='lat' dir='ltr'><strong>manibus</strong></span> <span class='ocrx_word' id='word_1_219' title='bbox 1010 2177 1049 2211; x_wconf 88' lang='lat' dir='ltr'><strong>in</strong></span> <span class='ocrx_word' id='word_1_220' title='bbox 1075 2178 1212 2212; x_wconf 89' lang='lat' dir='ltr'><strong>coelum</strong></span> <span class='ocrx_word' id='word_1_221' title='bbox 1238 2177 1396 2217; x_wconf 89' lang='lat' dir='ltr'><strong>intentis,</strong></span> <span class='ocrx_word' id='word_1_222' title='bbox 1424 2175 1608 2209; x_wconf 87' lang='lat' dir='ltr'><strong>Christum</strong></span> <span class='ocrx_word' id='word_1_223' title='bbox 1634 2173 1740 2208; x_wconf 90' lang='lat' dir='ltr'><strong>confi-</strong></span> 
     </span>
     <span class='ocr_line' id='line_1_29' title="bbox 351 2231 1739 2280; baseline -0.001 -13"><span class='ocrx_word' id='word_1_224' title='bbox 351 2237 479 2274; x_wconf 87' lang='lat' dir='ltr'><strong>tentes,</strong></span> <span class='ocrx_word' id='word_1_225' title='bbox 497 2233 747 2268; x_wconf 88' lang='lat' dir='ltr'><strong>crnentissima</strong></span> <span class='ocrx_word' id='word_1_226' title='bbox 760 2234 864 2268; x_wconf 86' lang='lat' dir='ltr'><strong>caede</strong></span> <span class='ocrx_word' id='word_1_227' title='bbox 882 2235 1047 2279; x_wconf 92' lang='lat' dir='ltr'><strong>martyrii</strong></span> <span class='ocrx_word' id='word_1_228' title='bbox 1065 2236 1221 2280; x_wconf 89' lang='lat' dir='ltr'><strong>palmam</strong></span> <span class='ocrx_word' id='word_1_229' title='bbox 1235 2234 1499 2279; x_wconf 84' lang='lat' dir='ltr'><strong>adipiscuntur:</strong></span> <span class='ocrx_word' id='word_1_230' title='bbox 1518 2231 1646 2276; x_wconf 89' lang='lat' dir='ltr'><strong>quibus</strong></span> <span class='ocrx_word' id='word_1_231' title='bbox 1664 2236 1739 2265; x_wconf 88' lang='lat' dir='ltr'><strong>tam</strong></span> 
     </span>
     <span class='ocr_line' id='line_1_30' title="bbox 352 2290 1745 2337; baseline -0.002 -12"><span class='ocrx_word' id='word_1_232' title='bbox 352 2292 462 2336; x_wconf 88' lang='lat' dir='ltr'><strong>impie</strong></span> <span class='ocrx_word' id='word_1_233' title='bbox 497 2291 704 2336; x_wconf 85' lang='lat' dir='ltr'><strong>peremptis,</strong></span> <span class='ocrx_word' id='word_1_234' title='bbox 739 2290 955 2327; x_wconf 88' lang='lat' dir='ltr'><strong>Gunifortus</strong></span> <span class='ocrx_word' id='word_1_235' title='bbox 990 2292 1284 2337; x_wconf 87' lang='lat' dir='ltr'><strong>Gunibaldusque</strong></span> <span class='ocrx_word' id='word_1_236' title='bbox 1320 2292 1401 2326; x_wconf 91' lang='lat' dir='ltr'><strong>inde</strong></span> <span class='ocrx_word' id='word_1_237' title='bbox 1430 2290 1658 2329; x_wconf 89' lang='lat' dir='ltr'><strong>discedentes,</strong></span> <span class='ocrx_word' id='word_1_238' title='bbox 1688 2300 1745 2323; x_wconf 88' lang='lat' dir='ltr'><strong>su-</strong></span> 
     </span>
     <span class='ocr_line' id='line_1_31' title="bbox 353 2347 1743 2393; baseline -0.001 -11"><span class='ocrx_word' id='word_1_239' title='bbox 353 2349 486 2393; x_wconf 88' lang='lat' dir='ltr'><strong>peratis</strong></span> <span class='ocrx_word' id='word_1_240' title='bbox 521 2348 687 2393; x_wconf 85' lang='lat' dir='ltr'><strong>Alpibus,</strong></span> <span class='ocrx_word' id='word_1_241' title='bbox 723 2349 942 2384; x_wconf 87' lang='lat' dir='ltr'><strong>descendunt</strong></span> <span class='ocrx_word' id='word_1_242' title='bbox 975 2351 1015 2385; x_wconf 90' lang='lat' dir='ltr'><strong>in</strong></span> <span class='ocrx_word' id='word_1_243' title='bbox 1049 2349 1191 2384; x_wconf 88' lang='lat' dir='ltr'><strong>Italiam</strong></span> <span class='ocrx_word' id='word_1_244' title='bbox 1222 2351 1267 2385; x_wconf 89' lang='lat' dir='ltr'><strong>ad</strong></span> <span class='ocrx_word' id='word_1_245' title='bbox 1296 2349 1484 2384; x_wconf 89' lang='lat' dir='ltr'><strong>Camaram</strong></span> <span class='ocrx_word' id='word_1_246' title='bbox 1518 2358 1630 2392; x_wconf 87' lang='lat' dir='ltr'><strong>usque</strong></span> <span class='ocrx_word' id='word_1_247' title='bbox 1660 2347 1743 2381; x_wconf 88' lang='lat' dir='ltr'><strong>civi-</strong></span> 
     </span>
     <span class='ocr_line' id='line_1_32' title="bbox 353 2405 1745 2449; baseline -0.001 -9"><span class='ocrx_word' id='word_1_248' title='bbox 353 2411 476 2446; x_wconf 85' lang='lat' dir='ltr'><strong>tatem,</strong></span> <span class='ocrx_word' id='word_1_249' title='bbox 494 2406 556 2440; x_wconf 93' lang='lat' dir='ltr'><strong>ubi</strong></span> <span class='ocrx_word' id='word_1_250' title='bbox 574 2406 682 2440; x_wconf 88' lang='lat' dir='ltr'><strong>etiam</strong></span> <span class='ocrx_word' id='word_1_251' title='bbox 700 2406 898 2441; x_wconf 88' lang='lat' dir='ltr'><strong>Christiani</strong></span> <span class='ocrx_word' id='word_1_252' title='bbox 926 2408 1117 2442; x_wconf 87' lang='lat' dir='ltr'><strong>crudeliter</strong></span> <span class='ocrx_word' id='word_1_253' title='bbox 1141 2408 1411 2448; x_wconf 80' lang='lat' dir='ltr'><strong>mactabantur3</strong></span> <span class='ocrx_word' id='word_1_254' title='bbox 1444 2411 1529 2440; x_wconf 89' lang='lat' dir='ltr'><strong>tunc</strong></span> <span class='ocrx_word' id='word_1_255' title='bbox 1554 2405 1604 2439; x_wconf 93' lang='lat' dir='ltr'><strong>ibi</strong></span> <span class='ocrx_word' id='word_1_256' title='bbox 1623 2405 1667 2439; x_wconf 89' lang='lat' dir='ltr'><strong>ad</strong></span> <span class='ocrx_word' id='word_1_257' title='bbox 1684 2415 1745 2449; x_wconf 92' lang='lat' dir='ltr'><strong>po-</strong></span> 
     </span>
     <span class='ocr_line' id='line_1_33' title="bbox 354 2462 1745 2511; baseline -0.002 -14"><span class='ocrx_word' id='word_1_258' title='bbox 354 2464 479 2508; x_wconf 90' lang='lat' dir='ltr'><strong>pulum</strong></span> <span class='ocrx_word' id='word_1_259' title='bbox 506 2463 612 2498; x_wconf 90' lang='lat' dir='ltr'><strong>fidem</strong></span> <span class='ocrx_word' id='word_1_260' title='bbox 630 2462 767 2498; x_wconf 88' lang='lat' dir='ltr'><strong>Christi</strong></span> <span class='ocrx_word' id='word_1_261' title='bbox 793 2464 866 2498; x_wconf 89' lang='lat' dir='ltr'><strong>alta</strong></span> <span class='ocrx_word' id='word_1_262' title='bbox 892 2475 977 2499; x_wconf 88' lang='lat' dir='ltr'><strong>voce</strong></span> <span class='ocrx_word' id='word_1_263' title='bbox 1003 2466 1128 2501; x_wconf 89' lang='lat' dir='ltr'><strong>tollere</strong></span> <span class='ocrx_word' id='word_1_264' title='bbox 1154 2470 1358 2511; x_wconf 88' lang='lat' dir='ltr'><strong>coeperunt,</strong></span> <span class='ocrx_word' id='word_1_265' title='bbox 1385 2465 1516 2499; x_wconf 80' lang='lat' dir='ltr'><strong>multos</strong></span> <span class='ocrx_word' id='word_1_266' title='bbox 1544 2463 1649 2498; x_wconf 87' lang='lat' dir='ltr'><strong>etiam</strong></span> <span class='ocrx_word' id='word_1_267' title='bbox 1675 2472 1745 2506; x_wconf 92' lang='lat' dir='ltr'><strong>quo</strong></span> 
     </span>
    </p>
   </div>
  </div>
 </body>
</html>
