2044 2992
315 450 520 490 1·a1·untin
536 446 698 488 Calvini
714 457 900 487 errorum
915 445 1167 500 praecipitia,
1180 444 1233 485 ad.
1248 444 1448 485 sinceram
1464 444 1545 485 Dei
1561 445 1697 486 colen-

316 515 359 553 di
373 514 576 554 rationem
588 516 847 559 revocentur,
853 509 1091 564 relictisque
1104 515 1147 550 et
1159 508 1409 562 contemptis
1422 508 1698 564 novitiis,pro-

315 577 421 616 fanis
436 575 529 623 illis,
550 575 698 629 impiis,
718 574 932 628 imperitis,
953 588 1029 615 nec
1048 575 1234 628 integrae
1255 573 1388 613 famae
1407 572 1697 614 homuncioni-

314 643 400 688 bus,
427 640 613 694 pessimis
633 645 676 679 et
696 639 823 679 caecis
843 639 896 679 ad
915 638 1175 692 sequendum
1196 637 1382 685 ducibus,
1408 637 1510 677 dum
1535 638 1697 692 resipis-

314 704 434 745 cendi
450 710 615 758 tempus
631 709 674 744 et
687 702 803 744 locus
823 708 896 751 est,
915 708 1078 742 mature
1098 702 1142 741 in
1164 700 1374 741 Ecclesiae
1394 701 1633 742 Catholicae
1654 709 1696 743 et

315 769 539 817 Romanae,
560 773 678 809 extra
704 781 830 821 quam
854 767 1129 807 certissimum
1155 765 1431 819 naufragium,
1458 772 1628 820 portum
1654 780 1696 807 se

312 834 524 887 recipiant.
555 832 711 873 Merito
726 832 869 885 itaque
884 830 1213 871 Ecclesiasticam
1231 830 1448 869 Scotorum
1465 830 1695 870 Historiam

313 897 555 944 nominavit,
576 896 620 936 in
640 910 733 950 qua,
754 901 955 949 tanquam
975 895 1019 934 in
1039 893 1218 948 speculo,
1239 894 1391 934 veteris
1411 894 1579 948 pietatis
1600 909 1695 942 cum

313 961 503 1001 Romana
523 959 709 1000 Ecclesia
728 960 771 999 in
798 959 1000 1012 religione
1023 958 1273 1012 conspiratio
1299 963 1342 998 et
1362 971 1584 998 consensus
1605 973 1696 1012 per-

311 1031 440 1078 petua
459 1025 563 1065 serie
583 1029 773 1063 narratus
793 1022 958 1076 legitur,
974 1036 1177 1062 novorum
1193 1027 1335 1062 autem
1351 1022 1595 1076 dogmatum
1611 1023 1695 1063 foe-

311 1089 418 1128 ditas
448 1094 491 1128 et
521 1087 700 1141 pravitas
731 1085 946 1126 luculente
972 1086 1025 1126 ad
1051 1086 1372 1126 detestationem
1405 1092 1448 1126 et
1479 1086 1692 1127 horrorem

310 1153 394 1192 suis
414 1151 619 1191 coloribus
639 1150 840 1205 proditur.
899 1150 1039 1194 Quare
1059 1164 1135 1191 nec
1155 1150 1364 1198 haeretici,
1385 1164 1566 1203 quorum
1592 1166 1695 1191 non-

308 1217 410 1256 dum
431 1221 494 1256 est
513 1214 768 1255 conclamata
788 1214 952 1262 sanitas,
973 1219 1016 1254 et
1035 1214 1121 1254 vita
1140 1214 1367 1268 desperata,
1388 1214 1562 1254 fuerunt
1581 1215 1694 1268 inge-

308 1281 367 1320 nii
388 1286 431 1320 et
451 1279 707 1327 eruditionis,
728 1292 854 1331 quam
873 1283 1099 1326 merentur,
1119 1277 1244 1317 laude
1264 1278 1498 1326 fraudandi,
1523 1279 1595 1318 sed
1625 1293 1693 1319 ex-

310 1344 477 1391 citandi,
507 1349 566 1391 ut,
591 1356 694 1396 quas
723 1342 839 1381 Deus
867 1342 995 1390 dedit,
1026 1341 1154 1381 animi
1185 1341 1354 1382 dotibus
1383 1342 1427 1382 in
1454 1344 1692 1396 quaerenda

310 1414 477 1448 aeterna
499 1406 633 1447 salute
654 1411 898 1452 uterentur3
920 1419 996 1446 nec
1017 1405 1090 1459 qui
1106 1405 1312 1445 Catholici
1333 1406 1443 1446 inter
1463 1406 1691 1447 haereticos

310 1472 400 1511 Deo
420 1478 463 1511 et
483 1471 763 1511 sacerdotibus
784 1470 938 1523 cogniti
969 1469 1232 1518 delitescunt,
1262 1470 1561 1524 persecutionis
1586 1485 1691 1511 sere-

309 1536 484 1575 nitatem
506 1539 801 1588 exspectantes,
821 1533 910 1573 ullo
930 1533 1103 1573 fuerunt
1123 1533 1277 1574 indicio
1298 1534 1533 1588 detegendi,
1554 1549 1607 1575 ne
1627 1536 1691 1575 in-

309 1599 553 1639 nocentibus
592 1599 643 1637 ab
681 1598 889 1638 haeretico
927 1597 1172 1651 magistratu
1206 1597 1439 1652 periculum
1473 1599 1583 1639 vitae
1617 1606 1690 1639 aut

310 1664 573 1703 fortunarum
595 1669 814 1710 crearetur,
835 1675 1138 1715 supervacaneo
1157 1667 1200 1702 et
1227 1662 1520 1716 intempestivo
1554 1663 1690 1703 divul-

307 1734 426 1780 gatae
456 1726 623 1766 virtutis
654 1725 797 1779 elogio.
857 1725 999 1779 Hujus
1029 1725 1165 1766 classis
1195 1725 1239 1765 in
1269 1725 1348 1766 hoc
1381 1740 1504 1780 opere
1533 1726 1689 1767 multos

307 1790 502 1837 invenies,
532 1803 636 1843 quos
665 1803 804 1829 rerum
835 1789 1017 1829 fortassis
1047 1789 1301 1830 Scoticarum
1331 1789 1510 1843 ignarus,
1540 1796 1583 1830 et
1612 1791 1690 1830 ini-

310 1868 417 1908 quus
445 1867 598 1901 censor,
627 1853 931 1893 haereticorum
958 1852 1051 1893 albo
1086 1853 1280 1894 audacior
1305 1853 1549 1907 ascripserit.
1608 1855 1688 1895 Sed

307 1925 355 1957 ut
375 1917 515 1972 paucis
536 1922 578 1957 te
599 1916 817 1965 absolvam,
837 1916 1036 1957 benevole
1057 1916 1197 1965 lector,
1222 1918 1255 1957 si
1280 1918 1385 1971 quid
1404 1917 1483 1958 hoc
1510 1918 1554 1958 in
1581 1917 1687 1958 libro

307 1982 446 2022 aliisve
468 1981 705 2035 Dempsteri
724 1981 1083 2021 lucubrationibus
1104 1982 1140 2021 S.
1162 1981 1212 2021 R.
1235 1981 1283 2021 E.
1305 1983 1425 2036 cujus
1452 1981 1523 2022 ille
1548 1983 1687 2023 decre·

306 2052 444 2085 torum
464 2046 569 2085 vixit
589 2052 632 2085 et
651 2051 842 2085 mortuus
863 2050 925 2085 est
944 2045 1340 2094 observantissimus,
1360 2046 1499 2086 minus
1520 2045 1686 2100 placens

307 2109 552 2157 invenietur,
573 2109 617 2149 id
637 2123 760 2149 omne
781 2114 1039 2163 expunctum
1061 2109 1110 2150 iri
1131 2108 1384 2164 pollicentur
1399 2110 1518 2150 Scoti.
1570 2110 1684 2159 Vale,

307 2188 384 2212 ΧΠ.
406 2172 478 2213 cal.
499 2175 607 2228 Sept.
630 2188 899 2214 cxcncxxvn.
