2032 2912
686 341 861 374 GENTIS
885 340 1161 380 SCOTORUM,
1184 341 1274 373 LIB.
1296 341 1336 372 V.
1644 341 1702 372 251

730 492 767 526 S.
794 492 1160 527 ETHERNANUS.
1212 495 1295 532 459.

320 608 356 642 S.
376 607 678 647 ETHERNANUS‚
702 607 860 652 aequalis
877 618 917 641 ac
935 607 1130 651 discipulus
1155 607 1201 642 D.
1229 607 1432 649 Columbae,
1459 619 1499 643 ac
1524 619 1632 653 nepos
1658 619 1701 642 ex

320 677 449 700 sorore.
503 665 606 700 Hect.
627 664 754 698 Boeth.
773 664 833 698 lib.
854 673 910 698 IX.
937 663 1075 698 Histor.
1095 664 1220 699 Scotic.
1247 676 1327 712 pag.
1347 675 1503 700 CLXVII.
1555 666 1700 701 Monas-

319 723 409 757 terio
426 723 552 757 Divini
570 722 691 762 Ruris,
712 726 754 756 ut
771 726 910 762 vocant,
927 722 1171 766 praepositus;
1191 727 1267 756 erat
1284 727 1403 757 autem
1420 723 1509 758 illud
1526 735 1638 758 unum
1656 735 1700 758 ex

319 780 576 826 antiquissimis
594 792 636 814 ea
652 780 690 813 in
714 784 830 826 gente,
857 779 1075 814 habitatione
1099 780 1194 813 illius
1212 780 1425 814 sanctissimi
1444 781 1512 814 viri
1535 781 1699 815 nobilita-

319 843 407 878 tum,
425 842 467 872 ut
485 837 592 872 refert
609 837 645 871 S.
664 837 899 872 Adamannus
917 837 1043 872 Scotus
1057 838 1095 871 in
1108 837 1194 872 Vita
1212 836 1247 871 S.
1268 837 1459 872 Columbae
1477 838 1536 872 lib.
1557 847 1599 872 11.
1618 850 1698 884 pag.

319 905 440 930 xxm.
470 895 575 930 Joan.
604 895 771 930 Leslaeus
797 895 857 930 lib.
886 904 939 929 lv.
966 906 1046 941 pag.
1074 904 1170 929 eL11.
1197 895 1338 940 templis
1364 896 1472 930 variis
1498 896 1536 930 in
1556 896 1640 930 locis
1667 897 1697 929 ei

318 954 442 989 erectis
459 955 515 988 die
533 962 639 987 xxn.
658 952 872 988 Decembris.
928 953 1089 986 Breviar.
1109 952 1234 987 Scotic.
1287 952 1413 986 Edidit
1430 953 1488 987 ille

465 1011 573 1045 Gesta
590 1010 782 1045 Columbae
799 1010 981 1044 Avunculi
1250 1010 1311 1044 lib.
1332 1019 1357 1044 1.

366 1068 520 1103 Vivebat
546 1079 638 1102 anno
666 1076 775 1102 DCVI.
827 1067 871 1101 In
897 1072 1036 1102 sanctos
1062 1068 1205 1109 relatus,
1232 1067 1354 1102 Uvion
1379 1067 1438 1102 lib.
1468 1076 1528 1102 111.
1556 1077 1695 1103 cnxw.

317 1126 446 1160 colitur
464 1126 521 1160 die
539 1134 656 1159 xxw.
675 1125 699 1158 J
701 1125 852 1159 anuarii.

834 1240 870 1276 S.
898 1240 1048 1275 ΕΤΤΟ.
1101 1240 1183 1275 460.

316 1358 351 1391 S.
376 1356 503 1397 ΕΤΤΟ,
529 1367 623 1390 unus
649 1367 693 1390 ex
717 1356 761 1390 iis
787 1357 850 1401 qui
872 1356 1027 1391 Scotiam
1049 1356 1299 1400 relinquentes,
1322 1357 1442 1391 omnia
1467 1368 1532 1402 pro
1557 1357 1699 1392 Christo

315 1415 390 1460 pati
419 1414 678 1454 sustinuerunt,
709 1413 838 1458 quibus
868 1414 1156 1447 ardentissimum
1188 1417 1312 1447 votum
1343 1425 1484 1448 causam
1514 1413 1593 1448 fidei
1621 1425 1700 1458 pro-

314 1483 466 1507 movere.
535 1470 747 1505 Audiendus
782 1471 987 1517 Sigebertus
1027 1470 1221 1504 monachus
1264 1470 1526 1506 Gemblacensis
1569 1471 1700 1507 Chron.

314 1535 335 1550 ‘⁶
354 1530 501 1564 Praeter
525 1529 590 1563 hos
618 1528 851 1572 (RemacIum,
880 1527 1121 1568 Stabulaeum,
1154 1527 1417 1569 Theodardum,
1451 1528 1697 1570 Landelinum,

314 1586 510 1626 Morosum,
528 1586 744 1626 Aubertum,
771 1585 968 1626 Gislenum‚
995 1585 1201 1626 Cellensem‚
1227 1585 1499 1632 Madelgafium,
1525 1597 1588 1620 seu
1613 1586 1701 1621 Vin-

313 1645 468 1679 centium
499 1644 720 1689 Trudonem)
751 1648 786 1677 et
816 1644 875 1677 alii
905 1643 1010 1677 multi
1040 1643 1083 1676 de
1112 1642 1248 1689 Anglia
1275 1644 1331 1677 vel
1359 1643 1479 1677 Scotia
1508 1644 1546 1676 in
1574 1643 1699 1678 Galliis

313 1701 590 1747 peregrinantes,
626 1700 775 1734 verbum
809 1700 878 1734 Dei
912 1700 1144 1739 seminabant,
1175 1701 1400 1745 multumque
1434 1700 1590 1735 fructum
1623 1701 1700 1736 Deo

314 1759 500 1799 faciebant,
518 1758 651 1792 scilicet
669 1757 770 1797 Etto,
788 1757 997 1798 Bertuinus,
1022 1757 1230 1802 Eloquius.”
1282 1757 1359 1791 Hos
1383 1762 1502 1792 autem
1527 1764 1598 1792 11011
1624 1758 1699 1793 An-

314 1818 404 1863 glos,
431 1816 493 1850 sed
519 1815 641 1850 Scotos
667 1815 789 1855 fuisse,
820 1826 928 1860 supra
956 1816 994 1849 in
1020 1815 1056 1849 S.
1083 1815 1238 1860 Eloquio
1264 1820 1444 1849 ostensum
1470 1820 1534 1856 est,
1562 1821 1597 1850 et
1622 1816 1700 1851 ideo

314 1878 448 1914 auctor,
464 1884 584 1907 rerum
597 1877 801 1907 nostrarum
815 1873 972 1919 ignarus,
987 1873 1180 1918 prudenter
1192 1873 1386 1913 addiderat,
1406 1878 1427 1893 “
1441 1874 1483 1907 de
1496 1873 1631 1919 Anglia
1644 1876 1699 1908 vel

313 1931 462 1966 Scotia.’'
527 1930 624 1965 Hinc
657 1931 765 1965 etiam
794 1931 990 1976 peregrinis
1021 1936 1056 1965 et
1092 1931 1237 1965 exoticis
1273 1931 1504 1975 scriptoribus
1534 1931 1699 1976 frequens

313 1990 454 2024 errandi
477 1989 516 2022 in
542 1988 646 2022 rebus
674 1989 805 2022 nostris
832 1989 966 2023 occasio
993 1989 1228 2029 ministratur,
1256 1989 1351 2034 quod
1378 1989 1447 2022 viri
1472 1990 1595 2029 sancti,
1621 1990 1699 2023 reli-

312 2047 428 2093 gionis
447 2058 531 2093 ergo
549 2046 666 2090 patria
683 2047 889 2080 excedentes
907 2057 971 2090 per
987 2046 1159 2092 Angliam
1183 2046 1251 2080 iter
1274 2046 1428 2090 incipere
1454 2046 1560 2086 soliti,
1586 2046 1699 2093 Angli

313 2105 441 2139 idcirco
469 2104 578 2138 fuisse
604 2104 869 2148 perhibeantur.
933 2104 1004 2138 Ubi
1030 2105 1187 2138 locorum
1213 2103 1248 2137 S.
1276 2103 1365 2138 Etto
1391 2104 1601 2145 substiterit,
1628 2116 1699 2138 non

312 2162 537 2206 deprehendi,
573 2162 641 2195 nisi
672 2162 708 2194 in
740 2162 905 2195 coenobio
940 2162 971 2195 ei
1006 2166 1140 2196 structo
1181 2161 1225 2195 ab
1267 2161 1451 2202 Hilduino,
1492 2161 1701 2196 observante

313 2220 439 2254 Carolo
457 2220 499 2253 de
517 2219 672 2259 Villiers,
697 2219 839 2253 doctore
863 2219 1039 2265 theologo,
1063 2218 1108 2252 ad
1132 2219 1233 2263 epist.
1254 2227 1290 2252 V.
1318 2218 1480 2253 Fulberti
1506 2219 1700 2253 Carnoten-

312 2278 377 2318 sis3
396 2278 440 2311 de
458 2289 528 2322 quo
547 2277 640 2311 infra
658 2277 724 2311 hoc
737 2288 840 2321 opere
854 2277 1062 2321 disquiram.
1107 2277 1175 2310 Sed
1193 2288 1238 2311 an
1258 2277 1390 2321 aliquid
1405 2278 1596 2322 scripserit,
1611 2277 1697 2311 mihi

314 2337 587 2380 inexploratum.

362 2393 516 2427 Vivebat
534 2400 629 2427 anno·
646 2402 754 2427 DCLI.
774 2394 830 2427 vel
850 2401 986 2426 DCLVI.
1031 2392 1170 2427 Colitur
1188 2394 1226 2427 in
1244 2404 1335 2439 pago
1352 2393 1517 2428 Artesiae
1537 2391 1700 2427 Βὶεηυὶἰ-

312 2449 412 2484 lieris
430 2451 486 2485 die
505 2461 544 2485 x.
563 2450 585 2484 J
588 2451 664 2485 ulii.
723 2450 874 2485 Ferreol.
894 2450 1043 2485 Locrius
1062 2450 1194 2485 Chron.
1214 2451 1315 2497 Belg.
1335 2462 1415 2496 pag.
1437 2460 1502 2485 Lx.
1555 2450 1702 2495 Episco-
