<?xml version="1.0" encoding="UTF-8"?>
<!DOCTYPE html PUBLIC "-//W3C//DTD XHTML 1.0 Transitional//EN"
    "http://www.w3.org/TR/xhtml1/DTD/xhtml1-transitional.dtd">
<html xmlns="http://www.w3.org/1999/xhtml" xml:lang="en" lang="en">
 <head>
  <title>
</title>
<meta http-equiv="Content-Type" content="text/html;charset=utf-8" />
  <meta name='ocr-system' content='tesseract 3.04.00' />
  <meta name='ocr-capabilities' content='ocr_page ocr_carea ocr_par ocr_line ocrx_word'/>
</head>
<body>
  <div class='ocr_page' id='page_1' title='image "./thomaedempste2101dempuoft_0042.png"; bbox 0 0 2044 2992; ppageno 0'>
   <div class='ocr_carea' id='block_1_1' title="bbox 323 487 1738 2530">
    <p class='ocr_par' dir='ltr' id='par_1_1' title="bbox 323 487 1738 2530">
     <span class='ocr_line' id='line_1_1' title="bbox 334 487 1715 542; baseline -0.002 -11"><span class='ocrx_word' id='word_1_1' title='bbox 334 491 416 531; x_wconf 86' lang='lat' dir='ltr'>tius</span> <span class='ocrx_word' id='word_1_2' title='bbox 443 504 617 537; x_wconf 86' lang='lat' dir='ltr'>assumo,</span> <span class='ocrx_word' id='word_1_3' title='bbox 645 502 698 529; x_wconf 91' lang='lat' dir='ltr'>ne</span> <span class='ocrx_word' id='word_1_4' title='bbox 725 489 870 536; x_wconf 89' lang='lat' dir='ltr'>dicam,</span> <span class='ocrx_word' id='word_1_5' title='bbox 897 488 1112 529; x_wconf 85' lang='lat' dir='ltr'><strong>ardentius</strong></span> <span class='ocrx_word' id='word_1_6' title='bbox 1142 501 1298 541; x_wconf 85' lang='lat' dir='ltr'>arrogo,</span> <span class='ocrx_word' id='word_1_7' title='bbox 1328 487 1443 541; x_wconf 90' lang='lat' dir='ltr'>quod</span> <span class='ocrx_word' id='word_1_8' title='bbox 1472 487 1515 527; x_wconf 91' lang='lat' dir='ltr'>in</span> <span class='ocrx_word' id='word_1_9' title='bbox 1547 501 1594 528; x_wconf 88' lang='lat' dir='ltr'>eo</span> <span class='ocrx_word' id='word_1_10' title='bbox 1621 502 1715 542; x_wconf 88' lang='lat' dir='ltr'>ope-</span> 
     </span>
     <span class='ocr_line' id='line_1_2' title="bbox 334 551 1715 607; baseline -0.003 -13"><span class='ocrx_word' id='word_1_11' title='bbox 334 569 420 595; x_wconf 90' lang='lat' dir='ltr'>ram</span> <span class='ocrx_word' id='word_1_12' title='bbox 451 567 676 607; x_wconf 86' lang='lat' dir='ltr'>curamque</span> <span class='ocrx_word' id='word_1_13' title='bbox 711 553 838 606; x_wconf 86' lang='lat' dir='ltr'>figere</span> <span class='ocrx_word' id='word_1_14' title='bbox 871 567 939 592; x_wconf 88' lang='lat' dir='ltr'>me</span> <span class='ocrx_word' id='word_1_15' title='bbox 974 558 1016 592; x_wconf 92' lang='lat' dir='ltr'>et</span> <span class='ocrx_word' id='word_1_16' title='bbox 1056 551 1254 592; x_wconf 89' lang='lat' dir='ltr'>collocare</span> <span class='ocrx_word' id='word_1_17' title='bbox 1293 551 1423 605; x_wconf 91' lang='lat' dir='ltr'>probe</span> <span class='ocrx_word' id='word_1_18' title='bbox 1461 551 1597 598; x_wconf 86' lang='lat' dir='ltr'>sciam,</span> <span class='ocrx_word' id='word_1_19' title='bbox 1638 565 1715 591; x_wconf 91' lang='lat' dir='ltr'>un-</span> 
     </span>
     <span class='ocr_line' id='line_1_3' title="bbox 332 615 1714 670; baseline -0.002 -13"><span class='ocrx_word' id='word_1_20' title='bbox 332 619 383 658; x_wconf 87' lang='lat' dir='ltr'>de</span> <span class='ocrx_word' id='word_1_21' title='bbox 418 632 501 657; x_wconf 91' lang='lat' dir='ltr'>non</span> <span class='ocrx_word' id='word_1_22' title='bbox 535 617 684 670; x_wconf 87' lang='lat' dir='ltr'>exigua</span> <span class='ocrx_word' id='word_1_23' title='bbox 718 616 853 657; x_wconf 88' lang='lat' dir='ltr'>laudis</span> <span class='ocrx_word' id='word_1_24' title='bbox 893 622 935 656; x_wconf 87' lang='lat' dir='ltr'>et</span> <span class='ocrx_word' id='word_1_25' title='bbox 969 616 1125 670; x_wconf 87' lang='lat' dir='ltr'>gloriae</span> <span class='ocrx_word' id='word_1_26' title='bbox 1160 616 1204 656; x_wconf 90' lang='lat' dir='ltr'>in</span> <span class='ocrx_word' id='word_1_27' title='bbox 1239 629 1502 655; x_wconf 89' lang='lat' dir='ltr'>communem</span> <span class='ocrx_word' id='word_1_28' title='bbox 1537 615 1714 669; x_wconf 90' lang='lat' dir='ltr'>patriam</span> 
     </span>
     <span class='ocr_line' id='line_1_4' title="bbox 331 679 1715 733; baseline -0.001 -13"><span class='ocrx_word' id='word_1_29' title='bbox 331 683 404 721; x_wconf 84' lang='lat' dir='ltr'>fiat</span> <span class='ocrx_word' id='word_1_30' title='bbox 444 681 628 722; x_wconf 82' lang='lat' dir='ltr'>accessio.</span> <span class='ocrx_word' id='word_1_31' title='bbox 703 681 801 720; x_wconf 91' lang='lat' dir='ltr'>Huc</span> <span class='ocrx_word' id='word_1_32' title='bbox 841 680 999 720; x_wconf 89' lang='lat' dir='ltr'>accedit</span> <span class='ocrx_word' id='word_1_33' title='bbox 1038 694 1129 720; x_wconf 91' lang='lat' dir='ltr'>mea</span> <span class='ocrx_word' id='word_1_34' title='bbox 1170 680 1212 719; x_wconf 90' lang='lat' dir='ltr'>in</span> <span class='ocrx_word' id='word_1_35' title='bbox 1254 694 1305 719; x_wconf 86' lang='lat' dir='ltr'>TE</span> <span class='ocrx_word' id='word_1_36' title='bbox 1341 685 1384 719; x_wconf 92' lang='lat' dir='ltr'>et</span> <span class='ocrx_word' id='word_1_37' title='bbox 1418 680 1461 718; x_wconf 92' lang='lat' dir='ltr'>in</span> <span class='ocrx_word' id='word_1_38' title='bbox 1497 679 1715 733; x_wconf 88' lang='lat' dir='ltr'>Dempste-</span> 
     </span>
     <span class='ocr_line' id='line_1_5' title="bbox 332 742 1714 797; baseline -0.002 -12"><span class='ocrx_word' id='word_1_39' title='bbox 332 760 424 786; x_wconf 90' lang='lat' dir='ltr'>rum</span> <span class='ocrx_word' id='word_1_40' title='bbox 456 746 725 793; x_wconf 89' lang='lat' dir='ltr'>observantia,</span> <span class='ocrx_word' id='word_1_41' title='bbox 757 745 955 785; x_wconf 88' lang='lat' dir='ltr'>devotum</span> <span class='ocrx_word' id='word_1_42' title='bbox 986 744 1156 797; x_wconf 89' lang='lat' dir='ltr'>utrique</span> <span class='ocrx_word' id='word_1_43' title='bbox 1185 743 1442 797; x_wconf 81' lang='lat' dir='ltr'>obsequium,</span> <span class='ocrx_word' id='word_1_44' title='bbox 1467 757 1551 783; x_wconf 92' lang='lat' dir='ltr'>non</span> <span class='ocrx_word' id='word_1_45' title='bbox 1580 742 1714 783; x_wconf 89' lang='lat' dir='ltr'>solum</span> 
     </span>
     <span class='ocr_line' id='line_1_6' title="bbox 332 807 1715 862; baseline -0.001 -13"><span class='ocrx_word' id='word_1_46' title='bbox 332 811 383 849; x_wconf 86' lang='lat' dir='ltr'>ob</span> <span class='ocrx_word' id='word_1_47' title='bbox 423 811 641 850; x_wconf 88' lang='lat' dir='ltr'>innumera</span> <span class='ocrx_word' id='word_1_48' title='bbox 676 810 727 849; x_wconf 89' lang='lat' dir='ltr'>ab</span> <span class='ocrx_word' id='word_1_49' title='bbox 768 815 947 862; x_wconf 91' lang='lat' dir='ltr'>utroque</span> <span class='ocrx_word' id='word_1_50' title='bbox 987 808 1030 848; x_wconf 90' lang='lat' dir='ltr'>in</span> <span class='ocrx_word' id='word_1_51' title='bbox 1071 821 1137 847; x_wconf 90' lang='lat' dir='ltr'>me</span> <span class='ocrx_word' id='word_1_52' title='bbox 1172 807 1357 847; x_wconf 82' lang='lat' dir='ltr'>derivata</span> <span class='ocrx_word' id='word_1_53' title='bbox 1390 807 1532 855; x_wconf 86' lang='lat' dir='ltr'>officia,</span> <span class='ocrx_word' id='word_1_54' title='bbox 1571 820 1715 848; x_wconf 87' lang='lat' dir='ltr'>verum</span> 
     </span>
     <span class='ocr_line' id='line_1_7' title="bbox 332 870 1713 927; baseline -0.002 -14"><span class='ocrx_word' id='word_1_55' title='bbox 332 874 456 913; x_wconf 86' lang='lat' dir='ltr'>etiam</span> <span class='ocrx_word' id='word_1_56' title='bbox 496 875 548 914; x_wconf 92' lang='lat' dir='ltr'>ob</span> <span class='ocrx_word' id='word_1_57' title='bbox 587 873 678 913; x_wconf 87' lang='lat' dir='ltr'>illas</span> <span class='ocrx_word' id='word_1_58' title='bbox 718 887 824 927; x_wconf 86' lang='lat' dir='ltr'>quae</span> <span class='ocrx_word' id='word_1_59' title='bbox 863 873 907 912; x_wconf 89' lang='lat' dir='ltr'>in</span> <span class='ocrx_word' id='word_1_60' title='bbox 941 878 1121 926; x_wconf 90' lang='lat' dir='ltr'>utroque</span> <span class='ocrx_word' id='word_1_61' title='bbox 1161 871 1310 911; x_wconf 86' lang='lat' dir='ltr'>eximie</span> <span class='ocrx_word' id='word_1_62' title='bbox 1344 870 1553 911; x_wconf 82' lang='lat' dir='ltr'>collucent</span> <span class='ocrx_word' id='word_1_63' title='bbox 1587 871 1713 912; x_wconf 90' lang='lat' dir='ltr'>animi</span> 
     </span>
     <span class='ocr_line' id='line_1_8' title="bbox 330 934 1713 990; baseline -0.002 -13"><span class='ocrx_word' id='word_1_64' title='bbox 330 939 458 985; x_wconf 88' lang='lat' dir='ltr'>dotes,</span> <span class='ocrx_word' id='word_1_65' title='bbox 493 937 683 978; x_wconf 88' lang='lat' dir='ltr'>omnibus</span> <span class='ocrx_word' id='word_1_66' title='bbox 718 951 814 977; x_wconf 89' lang='lat' dir='ltr'>cum</span> <span class='ocrx_word' id='word_1_67' title='bbox 847 936 1167 990; x_wconf 89' lang='lat' dir='ltr'>conspiciendas,</span> <span class='ocrx_word' id='word_1_68' title='bbox 1201 941 1293 975; x_wconf 91' lang='lat' dir='ltr'>tum</span> <span class='ocrx_word' id='word_1_69' title='bbox 1333 935 1446 975; x_wconf 91' lang='lat' dir='ltr'>omni</span> <span class='ocrx_word' id='word_1_70' title='bbox 1486 934 1713 975; x_wconf 84' lang='lat' dir='ltr'>officiorum</span> 
     </span>
     <span class='ocr_line' id='line_1_9' title="bbox 328 997 1716 1055; baseline -0.002 -14"><span class='ocrx_word' id='word_1_71' title='bbox 328 1016 478 1055; x_wconf 85' lang='lat' dir='ltr'>genere</span> <span class='ocrx_word' id='word_1_72' title='bbox 498 1001 815 1055; x_wconf 89' lang='lat' dir='ltr'>prosequendas.</span> <span class='ocrx_word' id='word_1_73' title='bbox 872 1000 967 1040; x_wconf 88' lang='lat' dir='ltr'>Jam</span> <span class='ocrx_word' id='word_1_74' title='bbox 988 1000 1082 1053; x_wconf 92' lang='lat' dir='ltr'>quis</span> <span class='ocrx_word' id='word_1_75' title='bbox 1102 1000 1205 1040; x_wconf 90' lang='lat' dir='ltr'>adeo</span> <span class='ocrx_word' id='word_1_76' title='bbox 1225 998 1489 1053; x_wconf 89' lang='lat' dir='ltr'>irreligiosus,</span> <span class='ocrx_word' id='word_1_77' title='bbox 1517 999 1589 1053; x_wconf 92' lang='lat' dir='ltr'>qui</span> <span class='ocrx_word' id='word_1_78' title='bbox 1617 997 1716 1039; x_wconf 91' lang='lat' dir='ltr'>ulti-</span> 
     </span>
     <span class='ocr_line' id='line_1_10' title="bbox 329 1063 1713 1119; baseline -0.001 -15"><span class='ocrx_word' id='word_1_79' title='bbox 329 1079 436 1104; x_wconf 86' lang='lat' dir='ltr'>mam</span> <span class='ocrx_word' id='word_1_80' title='bbox 459 1071 501 1105; x_wconf 87' lang='lat' dir='ltr'>et</span> <span class='ocrx_word' id='word_1_81' title='bbox 516 1065 790 1119; x_wconf 90' lang='lat' dir='ltr'>justissimam</span> <span class='ocrx_word' id='word_1_82' title='bbox 811 1064 1020 1104; x_wconf 80' lang='lat' dir='ltr'>demortui</span> <span class='ocrx_word' id='word_1_83' title='bbox 1043 1063 1304 1104; x_wconf 88' lang='lat' dir='ltr'>voluntatem</span> <span class='ocrx_word' id='word_1_84' title='bbox 1324 1077 1409 1103; x_wconf 93' lang='lat' dir='ltr'>non</span> <span class='ocrx_word' id='word_1_85' title='bbox 1430 1064 1713 1117; x_wconf 81' lang='lat' dir='ltr'>exsequatur?</span> 
     </span>
     <span class='ocr_line' id='line_1_11' title="bbox 329 1127 1715 1182; baseline -0.001 -14"><span class='ocrx_word' id='word_1_86' title='bbox 329 1143 435 1182; x_wconf 91' lang='lat' dir='ltr'>quae</span> <span class='ocrx_word' id='word_1_87' title='bbox 454 1143 554 1182; x_wconf 90' lang='lat' dir='ltr'>gens</span> <span class='ocrx_word' id='word_1_88' title='bbox 575 1135 660 1168; x_wconf 88' lang='lat' dir='ltr'>tam</span> <span class='ocrx_word' id='word_1_89' title='bbox 681 1129 863 1176; x_wconf 86' lang='lat' dir='ltr'>barbara,</span> <span class='ocrx_word' id='word_1_90' title='bbox 891 1134 965 1168; x_wconf 89' lang='lat' dir='ltr'>aut</span> <span class='ocrx_word' id='word_1_91' title='bbox 992 1127 1084 1182; x_wconf 91' lang='lat' dir='ltr'>quis</span> <span class='ocrx_word' id='word_1_92' title='bbox 1112 1133 1198 1168; x_wconf 89' lang='lat' dir='ltr'>tam</span> <span class='ocrx_word' id='word_1_93' title='bbox 1226 1127 1388 1175; x_wconf 85' lang='lat' dir='ltr'>efferus,</span> <span class='ocrx_word' id='word_1_94' title='bbox 1415 1133 1457 1167; x_wconf 87' lang='lat' dir='ltr'>et</span> <span class='ocrx_word' id='word_1_95' title='bbox 1484 1142 1507 1166; x_wconf 91' lang='lat' dir='ltr'>a</span> <span class='ocrx_word' id='word_1_96' title='bbox 1530 1127 1715 1167; x_wconf 90' lang='lat' dir='ltr'>moribus</span> 
     </span>
     <span class='ocr_line' id='line_1_12' title="bbox 328 1191 1715 1247; baseline -0.001 -15"><span class='ocrx_word' id='word_1_97' title='bbox 328 1192 497 1240; x_wconf 84' lang='lat' dir='ltr'>alienus,</span> <span class='ocrx_word' id='word_1_98' title='bbox 525 1192 598 1246; x_wconf 90' lang='lat' dir='ltr'>qui</span> <span class='ocrx_word' id='word_1_99' title='bbox 628 1192 756 1232; x_wconf 85' lang='lat' dir='ltr'>vitam</span> <span class='ocrx_word' id='word_1_100' title='bbox 786 1191 961 1247; x_wconf 88' lang='lat' dir='ltr'>alicujus</span> <span class='ocrx_word' id='word_1_101' title='bbox 991 1192 1024 1232; x_wconf 92' lang='lat' dir='ltr'>si</span> <span class='ocrx_word' id='word_1_102' title='bbox 1053 1198 1177 1246; x_wconf 88' lang='lat' dir='ltr'>putet</span> <span class='ocrx_word' id='word_1_103' title='bbox 1205 1206 1279 1246; x_wconf 91' lang='lat' dir='ltr'>per</span> <span class='ocrx_word' id='word_1_104' title='bbox 1313 1206 1355 1232; x_wconf 91' lang='lat' dir='ltr'>se</span> <span class='ocrx_word' id='word_1_105' title='bbox 1390 1192 1554 1231; x_wconf 89' lang='lat' dir='ltr'>restitui</span> <span class='ocrx_word' id='word_1_106' title='bbox 1585 1205 1715 1245; x_wconf 88' lang='lat' dir='ltr'>posse,</span> 
     </span>
     <span class='ocr_line' id='line_1_13' title="bbox 329 1248 1714 1311; baseline -0.001 -15"><span class='ocrx_word' id='word_1_107' title='bbox 329 1256 465 1296; x_wconf 79' lang='lat' dir='ltr'>nolit?</span> <span class='ocrx_word' id='word_1_108' title='bbox 501 1257 595 1310; x_wconf 92' lang='lat' dir='ltr'>quis</span> <span class='ocrx_word' id='word_1_109' title='bbox 622 1256 804 1310; x_wconf 89' lang='lat' dir='ltr'>denique</span> <span class='ocrx_word' id='word_1_110' title='bbox 835 1262 954 1296; x_wconf 88' lang='lat' dir='ltr'>tanto</span> <span class='ocrx_word' id='word_1_111' title='bbox 981 1256 1095 1311; x_wconf 90' lang='lat' dir='ltr'>operi</span> <span class='ocrx_word' id='word_1_112' title='bbox 1123 1262 1294 1310; x_wconf 88' lang='lat' dir='ltr'>tamque</span> <span class='ocrx_word' id='word_1_113' title='bbox 1323 1256 1451 1309; x_wconf 87' lang='lat' dir='ltr'>digno</span> <span class='ocrx_word' id='word_1_114' title='bbox 1477 1255 1600 1303; x_wconf 90' lang='lat' dir='ltr'>diem,</span> <span class='ocrx_word' id='word_1_115' title='bbox 1630 1248 1714 1309; x_wconf 86' lang='lat' dir='ltr'>quo</span> 
     </span>
     <span class='ocr_line' id='line_1_14' title="bbox 328 1319 1715 1375; baseline -0.001 -15"><span class='ocrx_word' id='word_1_116' title='bbox 328 1321 601 1375; x_wconf 86' lang='lat' dir='ltr'>Dempsterus</span> <span class='ocrx_word' id='word_1_117' title='bbox 621 1321 847 1368; x_wconf 82' lang='lat' dir='ltr'>reviviscat,</span> <span class='ocrx_word' id='word_1_118' title='bbox 868 1334 1019 1374; x_wconf 87' lang='lat' dir='ltr'>negare</span> <span class='ocrx_word' id='word_1_119' title='bbox 1039 1319 1151 1367; x_wconf 90' lang='lat' dir='ltr'>velit,</span> <span class='ocrx_word' id='word_1_120' title='bbox 1171 1326 1246 1359; x_wconf 90' lang='lat' dir='ltr'>aut</span> <span class='ocrx_word' id='word_1_121' title='bbox 1261 1319 1511 1374; x_wconf 84' lang='lat' dir='ltr'>prohibere?</span> <span class='ocrx_word' id='word_1_122' title='bbox 1542 1319 1622 1359; x_wconf 90' lang='lat' dir='ltr'>Cui</span> <span class='ocrx_word' id='word_1_123' title='bbox 1639 1334 1715 1372; x_wconf 87' lang='lat' dir='ltr'>ego</span> 
     </span>
     <span class='ocr_line' id='line_1_15' title="bbox 327 1382 1712 1437; baseline -0.001 -13"><span class='ocrx_word' id='word_1_124' title='bbox 327 1384 426 1424; x_wconf 87' lang='lat' dir='ltr'>alias</span> <span class='ocrx_word' id='word_1_125' title='bbox 447 1385 526 1424; x_wconf 88' lang='lat' dir='ltr'>nisi</span> <span class='ocrx_word' id='word_1_126' title='bbox 547 1383 738 1425; x_wconf 89' lang='lat' dir='ltr'>obtulero</span> <span class='ocrx_word' id='word_1_127' title='bbox 759 1384 937 1432; x_wconf 84' lang='lat' dir='ltr'>inferias,</span> <span class='ocrx_word' id='word_1_128' title='bbox 956 1383 1102 1424; x_wconf 88' lang='lat' dir='ltr'>saltem</span> <span class='ocrx_word' id='word_1_129' title='bbox 1118 1384 1196 1424; x_wconf 92' lang='lat' dir='ltr'>hoc</span> <span class='ocrx_word' id='word_1_130' title='bbox 1212 1398 1346 1423; x_wconf 87' lang='lat' dir='ltr'>unum</span> <span class='ocrx_word' id='word_1_131' title='bbox 1361 1382 1594 1437; x_wconf 88' lang='lat' dir='ltr'>persolvere</span> <span class='ocrx_word' id='word_1_132' title='bbox 1609 1383 1712 1423; x_wconf 91' lang='lat' dir='ltr'>mihi</span> 
     </span>
     <span class='ocr_line' id='line_1_16' title="bbox 326 1447 1713 1502; baseline -0.001 -13"><span class='ocrx_word' id='word_1_133' title='bbox 326 1450 387 1489; x_wconf 83' lang='lat' dir='ltr'>fas</span> <span class='ocrx_word' id='word_1_134' title='bbox 403 1449 456 1488; x_wconf 89' lang='lat' dir='ltr'>sit</span> <span class='ocrx_word' id='word_1_135' title='bbox 477 1449 668 1497; x_wconf 90' lang='lat' dir='ltr'>officium,</span> <span class='ocrx_word' id='word_1_136' title='bbox 690 1462 773 1488; x_wconf 90' lang='lat' dir='ltr'>non</span> <span class='ocrx_word' id='word_1_137' title='bbox 793 1462 993 1502; x_wconf 90' lang='lat' dir='ltr'>magnum</span> <span class='ocrx_word' id='word_1_138' title='bbox 1015 1448 1197 1502; x_wconf 89' lang='lat' dir='ltr'>quidem,</span> <span class='ocrx_word' id='word_1_139' title='bbox 1219 1448 1291 1488; x_wconf 92' lang='lat' dir='ltr'>sed</span> <span class='ocrx_word' id='word_1_140' title='bbox 1312 1448 1428 1502; x_wconf 92' lang='lat' dir='ltr'>quod</span> <span class='ocrx_word' id='word_1_141' title='bbox 1447 1447 1546 1488; x_wconf 88' lang='lat' dir='ltr'>huie</span> <span class='ocrx_word' id='word_1_142' title='bbox 1568 1447 1713 1488; x_wconf 92' lang='lat' dir='ltr'>Histo-</span> 
     </span>
     <span class='ocr_line' id='line_1_17' title="bbox 326 1512 1714 1567; baseline -0.001 -14"><span class='ocrx_word' id='word_1_143' title='bbox 326 1515 410 1553; x_wconf 83' lang='lat' dir='ltr'>riae</span> <span class='ocrx_word' id='word_1_144' title='bbox 443 1512 688 1567; x_wconf 86' lang='lat' dir='ltr'>praefixum,</span> <span class='ocrx_word' id='word_1_145' title='bbox 721 1518 763 1552; x_wconf 89' lang='lat' dir='ltr'>et</span> <span class='ocrx_word' id='word_1_146' title='bbox 794 1512 953 1552; x_wconf 89' lang='lat' dir='ltr'>nomini</span> <span class='ocrx_word' id='word_1_147' title='bbox 984 1512 1231 1566; x_wconf 87' lang='lat' dir='ltr'>inscriptum</span> <span class='ocrx_word' id='word_1_148' title='bbox 1262 1518 1348 1560; x_wconf 82' lang='lat' dir='ltr'>tuo,</span> <span class='ocrx_word' id='word_1_149' title='bbox 1379 1512 1714 1552; x_wconf 85' lang='lat' dir='ltr'>averruncandae</span> 
     </span>
     <span class='ocr_line' id='line_1_18' title="bbox 328 1575 1715 1624; baseline -0.001 -9"><span class='ocrx_word' id='word_1_150' title='bbox 328 1577 508 1617; x_wconf 86' lang='lat' dir='ltr'>invidiae</span> <span class='ocrx_word' id='word_1_151' title='bbox 530 1583 571 1617; x_wconf 93' lang='lat' dir='ltr'>et</span> <span class='ocrx_word' id='word_1_152' title='bbox 593 1576 811 1616; x_wconf 90' lang='lat' dir='ltr'>oblivionis</span> <span class='ocrx_word' id='word_1_153' title='bbox 832 1589 964 1624; x_wconf 87' lang='lat' dir='ltr'>causa,</span> <span class='ocrx_word' id='word_1_154' title='bbox 984 1575 1218 1616; x_wconf 84' lang='lat' dir='ltr'>immortale</span> <span class='ocrx_word' id='word_1_155' title='bbox 1248 1576 1301 1615; x_wconf 89' lang='lat' dir='ltr'>sit</span> <span class='ocrx_word' id='word_1_156' title='bbox 1325 1576 1528 1616; x_wconf 91' lang='lat' dir='ltr'>futurum.</span> <span class='ocrx_word' id='word_1_157' title='bbox 1587 1576 1715 1616; x_wconf 74' lang='lat' dir='ltr'>Nunc</span> 
     </span>
     <span class='ocr_line' id='line_1_19' title="bbox 327 1639 1707 1694; baseline 0 -14"><span class='ocrx_word' id='word_1_158' title='bbox 327 1655 423 1680; x_wconf 90' lang='lat' dir='ltr'>vero</span> <span class='ocrx_word' id='word_1_159' title='bbox 448 1642 558 1680; x_wconf 88' lang='lat' dir='ltr'>inter</span> <span class='ocrx_word' id='word_1_160' title='bbox 582 1640 661 1680; x_wconf 86' lang='lat' dir='ltr'>alia</span> <span class='ocrx_word' id='word_1_161' title='bbox 686 1655 793 1694; x_wconf 89' lang='lat' dir='ltr'>quae</span> <span class='ocrx_word' id='word_1_162' title='bbox 822 1639 942 1680; x_wconf 90' lang='lat' dir='ltr'>illum</span> <span class='ocrx_word' id='word_1_163' title='bbox 973 1640 1307 1687; x_wconf 86' lang='lat' dir='ltr'>adhortarentur,</span> <span class='ocrx_word' id='word_1_164' title='bbox 1337 1646 1387 1680; x_wconf 92' lang='lat' dir='ltr'>ut</span> <span class='ocrx_word' id='word_1_165' title='bbox 1417 1646 1459 1680; x_wconf 89' lang='lat' dir='ltr'>te</span> <span class='ocrx_word' id='word_1_166' title='bbox 1483 1641 1536 1680; x_wconf 88' lang='lat' dir='ltr'>ad</span> <span class='ocrx_word' id='word_1_167' title='bbox 1560 1655 1707 1680; x_wconf 88' lang='lat' dir='ltr'>novam</span> 
     </span>
     <span class='ocr_line' id='line_1_20' title="bbox 327 1704 1713 1753; baseline 0 -8"><span class='ocrx_word' id='word_1_168' title='bbox 327 1705 443 1753; x_wconf 87' lang='lat' dir='ltr'>hanc,</span> <span class='ocrx_word' id='word_1_169' title='bbox 475 1711 517 1745; x_wconf 91' lang='lat' dir='ltr'>et</span> <span class='ocrx_word' id='word_1_170' title='bbox 545 1704 760 1744; x_wconf 91' lang='lat' dir='ltr'>meliorem</span> <span class='ocrx_word' id='word_1_171' title='bbox 791 1704 898 1744; x_wconf 86' lang='lat' dir='ltr'>forte</span> <span class='ocrx_word' id='word_1_172' title='bbox 928 1704 1106 1744; x_wconf 85' lang='lat' dir='ltr'>Scotiam</span> <span class='ocrx_word' id='word_1_173' title='bbox 1136 1705 1386 1744; x_wconf 86' lang='lat' dir='ltr'>advocarent</span> <span class='ocrx_word' id='word_1_174' title='bbox 1410 1704 1713 1752; x_wconf 86' lang='lat' dir='ltr'>illustrandam,</span> 
     </span>
     <span class='ocr_line' id='line_1_21' title="bbox 327 1767 1712 1823; baseline -0.001 -13"><span class='ocrx_word' id='word_1_175' title='bbox 327 1775 452 1823; x_wconf 87' lang='lat' dir='ltr'>caput</span> <span class='ocrx_word' id='word_1_176' title='bbox 472 1768 581 1808; x_wconf 91' lang='lat' dir='ltr'>illud</span> <span class='ocrx_word' id='word_1_177' title='bbox 602 1782 688 1809; x_wconf 90' lang='lat' dir='ltr'>esse</span> <span class='ocrx_word' id='word_1_178' title='bbox 709 1768 811 1808; x_wconf 87' lang='lat' dir='ltr'>mihi</span> <span class='ocrx_word' id='word_1_179' title='bbox 835 1769 969 1808; x_wconf 89' lang='lat' dir='ltr'>visum</span> <span class='ocrx_word' id='word_1_180' title='bbox 991 1774 1063 1816; x_wconf 85' lang='lat' dir='ltr'>est,</span> <span class='ocrx_word' id='word_1_181' title='bbox 1085 1769 1117 1807; x_wconf 91' lang='lat' dir='ltr'>si</span> <span class='ocrx_word' id='word_1_182' title='bbox 1139 1771 1359 1822; x_wconf 78' lang='lat' dir='ltr'>repOneret</span> <span class='ocrx_word' id='word_1_183' title='bbox 1379 1769 1492 1822; x_wconf 89' lang='lat' dir='ltr'>apud</span> <span class='ocrx_word' id='word_1_184' title='bbox 1518 1767 1712 1822; x_wconf 81' lang='lat' dir='ltr'>aliquem,</span> 
     </span>
     <span class='ocr_line' id='line_1_22' title="bbox 326 1833 1711 1887; baseline 0 -15"><span class='ocrx_word' id='word_1_185' title='bbox 326 1833 438 1887; x_wconf 86' lang='lat' dir='ltr'>apud</span> <span class='ocrx_word' id='word_1_186' title='bbox 458 1846 584 1886; x_wconf 93' lang='lat' dir='ltr'>quem</span> <span class='ocrx_word' id='word_1_187' title='bbox 605 1833 738 1880; x_wconf 81' lang='lat' dir='ltr'>sciret,</span> <span class='ocrx_word' id='word_1_188' title='bbox 759 1833 871 1887; x_wconf 88' lang='lat' dir='ltr'>apud</span> <span class='ocrx_word' id='word_1_189' title='bbox 890 1847 1016 1886; x_wconf 86' lang='lat' dir='ltr'>quem</span> <span class='ocrx_word' id='word_1_190' title='bbox 1038 1846 1122 1872; x_wconf 91' lang='lat' dir='ltr'>non</span> <span class='ocrx_word' id='word_1_191' title='bbox 1144 1833 1384 1873; x_wconf 89' lang='lat' dir='ltr'>nesciretur.</span> <span class='ocrx_word' id='word_1_192' title='bbox 1442 1833 1502 1872; x_wconf 93' lang='lat' dir='ltr'>Et</span> <span class='ocrx_word' id='word_1_193' title='bbox 1528 1839 1650 1881; x_wconf 88' lang='lat' dir='ltr'>certe,</span> <span class='ocrx_word' id='word_1_194' title='bbox 1678 1834 1711 1873; x_wconf 92' lang='lat' dir='ltr'>si</span> 
     </span>
     <span class='ocr_line' id='line_1_23' title="bbox 324 1896 1738 1951; baseline -0.001 -14"><span class='ocrx_word' id='word_1_195' title='bbox 324 1897 428 1951; x_wconf 85' lang='lat' dir='ltr'>quid</span> <span class='ocrx_word' id='word_1_196' title='bbox 448 1897 598 1937; x_wconf 92' lang='lat' dir='ltr'>Virum</span> <span class='ocrx_word' id='word_1_197' title='bbox 619 1896 826 1937; x_wconf 85' lang='lat' dir='ltr'>illustrem</span> <span class='ocrx_word' id='word_1_198' title='bbox 846 1903 920 1936; x_wconf 90' lang='lat' dir='ltr'>aut</span> <span class='ocrx_word' id='word_1_199' title='bbox 941 1897 1177 1951; x_wconf 88' lang='lat' dir='ltr'>Principem</span> <span class='ocrx_word' id='word_1_200' title='bbox 1205 1897 1481 1946; x_wconf 87' lang='lat' dir='ltr'>commendet,</span> <span class='ocrx_word' id='word_1_201' title='bbox 1509 1897 1552 1937; x_wconf 90' lang='lat' dir='ltr'>id</span> <span class='ocrx_word' id='word_1_202' title='bbox 1573 1904 1711 1938; x_wconf 87' lang='lat' dir='ltr'>totum</span> <span class='ocrx_word' id='word_1_203' title='bbox 1736 1934 1738 1936; x_wconf 81' lang='grc'>.</span> 
     </span>
     <span class='ocr_line' id='line_1_24' title="bbox 325 1961 1712 2016; baseline 0.001 -15"><span class='ocrx_word' id='word_1_204' title='bbox 325 1962 367 2001; x_wconf 88' lang='lat' dir='ltr'>in</span> <span class='ocrx_word' id='word_1_205' title='bbox 388 1961 620 2015; x_wconf 87' lang='lat' dir='ltr'>prudentia,</span> <span class='ocrx_word' id='word_1_206' title='bbox 642 1961 848 2015; x_wconf 84' lang='lat' dir='ltr'>exquisita</span> <span class='ocrx_word' id='word_1_207' title='bbox 868 1975 1007 2001; x_wconf 90' lang='lat' dir='ltr'>rerum</span> <span class='ocrx_word' id='word_1_208' title='bbox 1029 1961 1276 2014; x_wconf 86' lang='lat' dir='ltr'>cognitione,</span> <span class='ocrx_word' id='word_1_209' title='bbox 1296 1967 1339 2002; x_wconf 91' lang='lat' dir='ltr'>et</span> <span class='ocrx_word' id='word_1_210' title='bbox 1354 1961 1482 2002; x_wconf 91' lang='lat' dir='ltr'>animi</span> <span class='ocrx_word' id='word_1_211' title='bbox 1503 1962 1712 2016; x_wconf 88' lang='lat' dir='ltr'>magnitu-</span> 
     </span>
     <span class='ocr_line' id='line_1_25' title="bbox 326 2025 1709 2080; baseline 0.001 -15"><span class='ocrx_word' id='word_1_212' title='bbox 326 2026 422 2065; x_wconf 88' lang='lat' dir='ltr'>dine</span> <span class='ocrx_word' id='word_1_213' title='bbox 447 2026 576 2066; x_wconf 88' lang='lat' dir='ltr'>situm</span> <span class='ocrx_word' id='word_1_214' title='bbox 601 2026 820 2071; x_wconf 75' lang='lat' dir='ltr'>existimo3</span> <span class='ocrx_word' id='word_1_215' title='bbox 852 2031 973 2065; x_wconf 90' lang='lat' dir='ltr'>norat</span> <span class='ocrx_word' id='word_1_216' title='bbox 1002 2025 1114 2065; x_wconf 91' lang='lat' dir='ltr'>enim</span> <span class='ocrx_word' id='word_1_217' title='bbox 1144 2032 1186 2066; x_wconf 90' lang='lat' dir='ltr'>te</span> <span class='ocrx_word' id='word_1_218' title='bbox 1214 2040 1300 2066; x_wconf 90' lang='lat' dir='ltr'>esse</span> <span class='ocrx_word' id='word_1_219' title='bbox 1325 2040 1421 2066; x_wconf 93' lang='lat' dir='ltr'>eum</span> <span class='ocrx_word' id='word_1_220' title='bbox 1448 2027 1560 2080; x_wconf 86' lang='lat' dir='ltr'>apud</span> <span class='ocrx_word' id='word_1_221' title='bbox 1585 2041 1709 2080; x_wconf 88' lang='lat' dir='ltr'>quem</span> 
     </span>
     <span class='ocr_line' id='line_1_26' title="bbox 323 2089 1712 2144; baseline 0.001 -15"><span class='ocrx_word' id='word_1_222' title='bbox 323 2091 428 2129; x_wconf 89' lang='lat' dir='ltr'>bene</span> <span class='ocrx_word' id='word_1_223' title='bbox 449 2095 721 2138; x_wconf 90' lang='lat' dir='ltr'>mererentur,</span> <span class='ocrx_word' id='word_1_224' title='bbox 746 2095 819 2129; x_wconf 88' lang='lat' dir='ltr'>aut</span> <span class='ocrx_word' id='word_1_225' title='bbox 849 2090 922 2143; x_wconf 92' lang='lat' dir='ltr'>qui</span> <span class='ocrx_word' id='word_1_226' title='bbox 952 2089 1051 2130; x_wconf 92' lang='lat' dir='ltr'>huic</span> <span class='ocrx_word' id='word_1_227' title='bbox 1081 2089 1220 2130; x_wconf 90' lang='lat' dir='ltr'>seculo</span> <span class='ocrx_word' id='word_1_228' title='bbox 1248 2091 1500 2138; x_wconf 87' lang='lat' dir='ltr'>adornando,</span> <span class='ocrx_word' id='word_1_229' title='bbox 1528 2097 1570 2130; x_wconf 90' lang='lat' dir='ltr'>et</span> <span class='ocrx_word' id='word_1_230' title='bbox 1597 2104 1712 2144; x_wconf 86' lang='lat' dir='ltr'>prae-</span> 
     </span>
     <span class='ocr_line' id='line_1_27' title="bbox 326 2153 1709 2208; baseline 0.001 -15"><span class='ocrx_word' id='word_1_231' title='bbox 326 2155 467 2194; x_wconf 87' lang='lat' dir='ltr'>sertim</span> <span class='ocrx_word' id='word_1_232' title='bbox 506 2161 603 2194; x_wconf 87' lang='lat' dir='ltr'>tuae</span> <span class='ocrx_word' id='word_1_233' title='bbox 642 2154 800 2208; x_wconf 85' lang='lat' dir='ltr'>patriae</span> <span class='ocrx_word' id='word_1_234' title='bbox 840 2153 1102 2194; x_wconf 83' lang='lat' dir='ltr'>extollendae</span> <span class='ocrx_word' id='word_1_235' title='bbox 1142 2154 1342 2208; x_wconf 89' lang='lat' dir='ltr'>gentique</span> <span class='ocrx_word' id='word_1_236' title='bbox 1381 2155 1610 2202; x_wconf 87' lang='lat' dir='ltr'>Scotorum,</span> <span class='ocrx_word' id='word_1_237' title='bbox 1660 2170 1709 2194; x_wconf 83' lang='lat' dir='ltr'>ex</span> 
     </span>
     <span class='ocr_line' id='line_1_28' title="bbox 329 2218 1711 2272; baseline 0 -14"><span class='ocrx_word' id='word_1_238' title='bbox 329 2218 480 2271; x_wconf 89' lang='lat' dir='ltr'>quibus</span> <span class='ocrx_word' id='word_1_239' title='bbox 527 2219 681 2272; x_wconf 89' lang='lat' dir='ltr'>regiam</span> <span class='ocrx_word' id='word_1_240' title='bbox 729 2218 852 2272; x_wconf 88' lang='lat' dir='ltr'>plane</span> <span class='ocrx_word' id='word_1_241' title='bbox 901 2218 1019 2258; x_wconf 90' lang='lat' dir='ltr'>ducis</span> <span class='ocrx_word' id='word_1_242' title='bbox 1068 2219 1282 2272; x_wconf 87' lang='lat' dir='ltr'>originem,</span> <span class='ocrx_word' id='word_1_243' title='bbox 1323 2218 1433 2259; x_wconf 89' lang='lat' dir='ltr'>inter</span> <span class='ocrx_word' id='word_1_244' title='bbox 1479 2219 1604 2259; x_wconf 86' lang='lat' dir='ltr'>fastos</span> <span class='ocrx_word' id='word_1_245' title='bbox 1650 2234 1711 2259; x_wconf 88' lang='lat' dir='ltr'>re-</span> 
     </span>
     <span class='ocr_line' id='line_1_29' title="bbox 326 2282 1708 2337; baseline 0.001 -15"><span class='ocrx_word' id='word_1_246' title='bbox 326 2282 553 2323; x_wconf 87' lang='lat' dir='ltr'>censendae</span> <span class='ocrx_word' id='word_1_247' title='bbox 593 2297 759 2337; x_wconf 88' lang='lat' dir='ltr'>operam</span> <span class='ocrx_word' id='word_1_248' title='bbox 800 2289 1001 2323; x_wconf 88' lang='lat' dir='ltr'>navarent</span> <span class='ocrx_word' id='word_1_249' title='bbox 1040 2282 1296 2337; x_wconf 86' lang='lat' dir='ltr'>diligentem,</span> <span class='ocrx_word' id='word_1_250' title='bbox 1336 2289 1410 2323; x_wconf 88' lang='lat' dir='ltr'>aut</span> <span class='ocrx_word' id='word_1_251' title='bbox 1449 2282 1596 2324; x_wconf 88' lang='lat' dir='ltr'>saltem</span> <span class='ocrx_word' id='word_1_252' title='bbox 1636 2285 1708 2337; x_wconf 89' lang='lat' dir='ltr'>qui</span> 
     </span>
     <span class='ocr_line' id='line_1_30' title="bbox 327 2345 1711 2388; baseline 0.003 -4"><span class='ocrx_word' id='word_1_253' title='bbox 327 2347 378 2385; x_wconf 88' lang='lat' dir='ltr'>de</span> <span class='ocrx_word' id='word_1_254' title='bbox 414 2345 548 2386; x_wconf 87' lang='lat' dir='ltr'>Musis</span> <span class='ocrx_word' id='word_1_255' title='bbox 586 2361 631 2387; x_wconf 89' lang='lat' dir='ltr'>ac</span> <span class='ocrx_word' id='word_1_256' title='bbox 669 2346 803 2388; x_wconf 86' lang='lat' dir='ltr'>literis</span> <span class='ocrx_word' id='word_1_257' title='bbox 840 2346 1099 2388; x_wconf 87' lang='lat' dir='ltr'>humanioris</span> <span class='ocrx_word' id='word_1_258' title='bbox 1139 2347 1387 2388; x_wconf 89' lang='lat' dir='ltr'>eruditionis</span> <span class='ocrx_word' id='word_1_259' title='bbox 1426 2353 1536 2388; x_wconf 88' lang='lat' dir='ltr'>totos</span> <span class='ocrx_word' id='word_1_260' title='bbox 1571 2361 1711 2388; x_wconf 86' lang='lat' dir='ltr'>conse-</span> 
     </span>
     <span class='ocr_line' id='line_1_31' title="bbox 326 2410 1710 2466; baseline 0.002 -17"><span class='ocrx_word' id='word_1_261' title='bbox 326 2417 498 2457; x_wconf 84' lang='lat' dir='ltr'>crarent,</span> <span class='ocrx_word' id='word_1_262' title='bbox 543 2424 592 2450; x_wconf 82' lang='lat' dir='ltr'>ex</span> <span class='ocrx_word' id='word_1_263' title='bbox 636 2412 800 2465; x_wconf 87' lang='lat' dir='ltr'>quibus.</span> <span class='ocrx_word' id='word_1_264' title='bbox 833 2410 1015 2466; x_wconf 84' lang='lat' dir='ltr'>aliquam</span> <span class='ocrx_word' id='word_1_265' title='bbox 1062 2411 1244 2466; x_wconf 91' lang='lat' dir='ltr'>Majores</span> <span class='ocrx_word' id='word_1_266' title='bbox 1289 2418 1332 2452; x_wconf 88' lang='lat' dir='ltr'>et</span> <span class='ocrx_word' id='word_1_267' title='bbox 1377 2411 1538 2452; x_wconf 88' lang='lat' dir='ltr'>Posteri</span> <span class='ocrx_word' id='word_1_268' title='bbox 1584 2412 1710 2452; x_wconf 83' lang='lat' dir='ltr'>refer-</span> 
     </span>
     <span class='ocr_line' id='line_1_32' title="bbox 327 2475 1709 2530; baseline 0.001 -17"><span class='ocrx_word' id='word_1_269' title='bbox 327 2480 419 2514; x_wconf 88' lang='lat' dir='ltr'>rent</span> <span class='ocrx_word' id='word_1_270' title='bbox 451 2475 862 2517; x_wconf 84' lang='lat' dir='ltr'>commendationem.</span> <span class='ocrx_word' id='word_1_271' title='bbox 935 2475 1033 2516; x_wconf 93' lang='lat' dir='ltr'>Non</span> <span class='ocrx_word' id='word_1_272' title='bbox 1063 2482 1205 2517; x_wconf 85' lang='lat' dir='ltr'>retexo</span> <span class='ocrx_word' id='word_1_273' title='bbox 1234 2476 1303 2517; x_wconf 93' lang='lat' dir='ltr'>hic</span> <span class='ocrx_word' id='word_1_274' title='bbox 1334 2476 1482 2530; x_wconf 89' lang='lat' dir='ltr'>quanti</span> <span class='ocrx_word' id='word_1_275' title='bbox 1513 2476 1565 2516; x_wconf 89' lang='lat' dir='ltr'>sis</span> <span class='ocrx_word' id='word_1_276' title='bbox 1597 2476 1709 2530; x_wconf 90' lang='lat' dir='ltr'>apud</span> 
     </span>
    </p>
   </div>
  </div>
 </body>
</html>
