2032 2912
348 316 413 347 300
607 352 611 355 ι
731 310 966 344 HISTORIA
989 309 1368 343 ECCLESIASTICA

351 409 608 445 monasterium
633 407 940 453 cognominatur.”
991 406 1117 453 Pergit
1143 406 1270 441 deinde
1296 406 1479 447 miracula,
1506 406 1551 441 ab
1569 418 1610 442 eo
1628 418 1752 453 perpe-

351 473 447 503 trata
470 466 640 512 quotidie,
667 475 899 505 enumerare3
926 475 1018 509 quae
1043 469 1086 498 tu
1111 465 1204 499 vide.
1256 463 1414 499 Jodocus
1432 464 1630 500 Metzlerus
1656 465 1752 510 apud

356 525 403 559 H.
419 525 603 560 Canisium
619 527 706 557 tom.
723 531 758 556 V.
773 521 1019 567 Antiquarum
1031 522 1193 557 Lection.
1206 533 1288 569 pag.
1304 531 1571 557 DCCXXXVIII.
1592 528 1612 543 “
1628 524 1662 558 S.
1670 523 1753 557 Gal-

352 584 418 624 lus,
447 583 579 617 electus
604 580 674 615 Dei
699 580 857 615 famulus
884 580 952 615 sub
977 580 1180 615 obedientia
1205 585 1241 615 et
1266 582 1392 627 regula
1417 580 1454 615 S.
1481 581 1707 622 Columbani,
1734 592 1753 615 e

351 640 472 675 Seotia
488 639 646 679 veniens,
665 638 794 683 spretis
812 638 991 673 nobilibus
1009 639 1230 684 parentibus,
1250 639 1447 684 mundique
1464 640 1617 684 pompis,
1638 640 1753 674 vitam

350 708 549 744 pauperum
576 697 716 743 elegit.”
768 696 1078 731 constantiensem
1105 698 1349 742 episcopatum
1373 698 1580 741 recusavit;
1612 697 1751 738 Latine,

350 756 497 796 Scotice‚
517 754 739 795 Germanice,
758 759 794 788 et
812 753 946 789 Gallice
963 755 1119 796 edoctus,
1137 755 1411 789 humanioribus
1433 755 1542 801 juxta
1566 760 1602 790 et
1619 756 1753 790 divinis

349 814 463 848 literis
491 812 816 853 instructissimus3
853 813 960 847 unico
987 813 1096 847 verbo
1126 813 1307 848 concludit
1337 814 1407 853 ille,
1439 817 1461 833 ‘⁶
1485 824 1592 858 quem
1623 814 1753 849 merito

350 871 544 907 Alemanni
579 881 685 906 suum
715 871 916 915 apostolum
952 871 1114 905 vocant.''
1178 871 1291 905 Plura
1324 875 1445 905 autem
1478 882 1680 917 anonymus
1714 872 1753 906 in

350 930 438 965 Vita
455 929 492 964 S.
511 929 726 970 Burchardi‚
755 928 987 963 Marcellinus
1005 928 1044 963 in
1061 928 1150 964 Vita
1175 929 1211 964 S.
1239 928 1436 970 Suniberti,
1462 928 1574 964 Jonas
1600 930 1639 964 in
1668 928 1754 965 Vita

351 987 576 1028 Columbani,
595 986 820 1027 Theodorus,
839 987 1034 1022 monachus
1053 986 1089 1021 S.
1109 986 1216 1028 Galli,
1235 987 1274 1021 in
1293 987 1382 1022 Vita
1400 986 1438 1021 S.
1458 987 1597 1034 Magni,
1617 987 1753 1033 Raper-

351 1051 410 1082 tus
428 1046 567 1087 Scotus,
585 1049 621 1080 et
639 1044 874 1079 Ekerhardus
887 1045 1014 1091 junior
1030 1057 1075 1080 ex
1093 1046 1215 1080 eodem
1239 1046 1409 1080 coenobio
1436 1046 1474 1080 in
1499 1046 1562 1081 lib.
1581 1046 1754 1081 Benedic-

350 1110 480 1146 torum,
508 1103 613 1139 Joan.
633 1104 804 1138 Leslaeus
830 1103 891 1137 lib.
917 1113 972 1138 IV.
998 1103 1097 1139 Hist.
1123 1104 1218 1139 Scot.
1272 1103 1493 1139 Hartmanni
1515 1116 1640 1140 versus
1662 1116 1752 1150 pene

349 1163 603 1208 praeterieram
622 1163 745 1197 eodem
763 1166 848 1197 tom.
869 1170 904 1195 v.
923 1161 1118 1207 Antiquar.
1137 1162 1300 1198 Lection.
1319 1174 1401 1209 pag.
1422 1171 1541 1198 DCCL.

657 1235 717 1264 Hic
731 1235 843 1269 domus,
857 1235 911 1264 hac
925 1240 970 1264 est
983 1235 1078 1274 patria
1091 1240 1205 1264 creatus

652 1284 762 1312 Fautor
777 1283 962 1312 OTnMARus
976 1283 1187 1312 BENEmc’rus
1201 1283 1274 1313 abba
1282 1294 1292 1318 ς

653 1330 785 1360 GALsz
799 1340 815 1359 a
831 1331 941 1359 Sco⁷1¹1s
955 1331 1074 1360 veniens
1088 1331 1187 1361 beavit

966 1378 1074 1407 Omnia
1087 1384 1194 1408 nostra.

400 1453 549 1488 Praeter
567 1464 626 1488 eos
649 1464 740 1498 quos
764 1452 920 1493 laudavi,
948 1452 1093 1487 Scotum
1117 1453 1204 1488 facit
1226 1452 1364 1488 Anton.
1391 1452 1537 1488 Possev.
1556 1452 1654 1500 App.
1674 1453 1751 1488 Sac.

350 1523 432 1558 pag.
453 1520 584 1546 DXXV.
620 1511 751 1557 Georg.
771 1510 968 1546 Garnefelt.
987 1510 1064 1546 Vit.
1082 1511 1235 1546 Eremit.
1255 1523 1338 1558 pag.
1358 1520 1418 1546 CC.
1439 1515 1460 1531 “
1474 1510 1510 1546 S.
1530 1510 1655 1546 Gallus
1670 1511 1753 1547 Sco-

350 1575 420 1610 tus,
439 1570 548 1604 abbas
566 1570 661 1614 apud
679 1569 900 1604 Arbonam.''
945 1568 1038 1603 Vide
1054 1570 1093 1604 in
1114 1567 1358 1604 Columbanus
1374 1569 1435 1603 lib.
1457 1579 1518 1604 111.
1538 1574 1574 1604 et
1590 1570 1653 1605 lib.
1672 1579 1749 1604 X11.

350 1630 388 1663 in
406 1627 619 1664 Macarius,
672 1627 823 1673 Scripsit
841 1629 968 1669 multa,
988 1640 1032 1663 ex
1049 1627 1179 1673 quibus
1197 1628 1284 1662 haec
1301 1627 1491 1662 feruntur:

499 1687 615 1732 Super
649 1686 903 1732 Evangelium,
940 1690 962 1706 ‘⁵
997 1686 1091 1721 Ecce
1126 1697 1192 1720 nos
1232 1686 1445 1730 reliquimus
1490 1686 1643 1727 omnia,''
1687 1685 1752 1721 &c.

547 1745 671 1780 Sermo
689 1745 926 1791 gravissimus
976 1744 1039 1779 lib.
1059 1753 1085 1778 1.
1138 1744 1336 1779 Metzlerus
1354 1744 1431 1778 loco
1447 1744 1605 1779 laudato.

498 1804 695 1838 Conciones
978 1803 1040 1838 lib.
1060 1812 1086 1837 1.
1140 1802 1375 1837 Ekerhardus
1389 1802 1527 1848 junior.

498 1862 626 1897 Oratio
649 1863 693 1896 de
719 1860 906 1895 Electione
928 1861 952 1896 J
954 1862 1079 1896 oannis
1101 1860 1281 1905 Discipuli
1304 1861 1361 1895 sui
1385 1866 1421 1895 et
1438 1860 1591 1896 Diaconi
1609 1861 1647 1896 in
1665 1860 1753 1907 Epi-

546 1924 730 1966 scopatum
752 1919 1074 1954 Constantiensem.
1126 1918 1243 1954 Extat
1261 1923 1347 1954 tom.
1367 1928 1423 1954 VI.
1448 1930 1525 1964 par.
1545 1929 1589 1954 11.
1617 1920 1753 1955 Biblio-

549 1979 672 2014 thecae
690 1978 753 2013 SS.
774 1977 925 2013 Patrum
943 1989 1026 2025 pag.
1046 1986 1222 2013 DCCXIII.

497 2036 731 2072 Gubernandi
748 2036 948 2071 Ecclesiam
966 2035 1100 2071 Forma
1442 2036 1504 2071 lib.
1525 2046 1551 2071 I.

498 2095 642 2130 Monita
659 2095 832 2130 salutaria
848 2095 894 2129 ad
911 2094 1139 2129 Walmarum
1158 2094 1415 2140 Presbyterum
1445 2095 1508 2130 lib.
1528 2104 1554 2129 1.

397 2153 500 2189 Obiit
517 2153 685 2189 Arbonae
704 2155 743 2188 in
760 2153 853 2188 festo
871 2153 908 2188 S.
928 2153 1128 2194 Michaelis,
1147 2152 1245 2188 febre
1264 2153 1389 2187 statim
1407 2166 1428 2189 a
1446 2154 1614 2189 concione
1640 2166 1754 2190 corre-

349 2216 444 2256 ptus,
471 2224 565 2247 anno
590 2212 718 2247 aetatis
745 2221 840 2247 XCV.
896 2211 941 2246 In
971 2210 1174 2246 Germaniis
1204 2211 1331 2252 haesit,
1363 2212 1517 2247 abeunte
1543 2213 1581 2247 in
1608 2212 1752 2248 Italiam

349 2270 524 2316 magistro
559 2282 623 2305 suo
657 2281 752 2305 anno
786 2279 904 2305 DXVI.
938 2274 981 2310 ut
1015 2268 1222 2317 Rheginoni
1261 2270 1382 2305 abbati
1417 2272 1533 2316 placet
1566 2271 1605 2305 in
1641 2271 1753 2307 Chro-

349 2327 441 2368 nico,
471 2328 661 2363 manifesto
691 2340 776 2364 sane
804 2340 924 2364 errore
952 2328 1106 2363 numeri.
1159 2328 1293 2363 Melius
1320 2328 1509 2364 Marianus
1537 2329 1664 2364 Scotus
1691 2342 1753 2365 an·

349 2395 397 2420 no
429 2393 525 2420 Dxc.
582 2385 721 2421 Claruit
751 2387 790 2421 in
820 2386 1037 2421 Alemannia
1062 2398 1156 2421 anno
1189 2395 1353 2421 DCXXII.
1381 2388 1433 2422 ait
1459 2387 1617 2435 Sigeber.
1646 2387 1751 2423 Gem-

349 2443 546 2486 blacensi33
582 2445 705 2479 cellam
739 2456 840 2480 suam
877 2443 928 2479 ibi
963 2446 1142 2480 exstruxit
1174 2456 1268 2479 anno
1302 2454 1479 2480 DCXXXI.
1515 2450 1557 2481 ut
1591 2446 1752 2491 loquitur
