2032 2912
320 311 381 343 170
701 306 934 340 HISTORIA
959 305 1332 339 ECCLESIASTICA

678 401 902 435 JACOBUS
930 399 1211 435 CURLAEUS.
1266 402 1349 438 294.

318 463 497 496 JACOBUS
515 460 697 499 Curlaeus,
722 459 908 504 presbyter
931 458 1117 493 Societatis
1139 458 1238 499 Jesu,
1262 463 1364 503 patre
1388 457 1493 493 Scoto
1520 459 1558 493 in
1584 459 1712 506 Belgio

318 525 433 558 natus,
464 519 525 562 qui
553 519 697 564 reginae
726 517 864 552 Mariae
893 529 914 551 a
938 516 1080 551 secretis
1111 521 1147 550 et
1173 517 1332 561 epistolis
1360 517 1452 551 fuit:
1479 517 1536 551 hic
1564 529 1647 552 vero
1673 519 1711 552 in

318 576 502 620 Hispaniis
521 576 583 609 diu
601 575 780 620 professus
798 575 1071 620 philosophiam,
1098 574 1326 620 theologiam,
1349 586 1389 608 ac
1406 575 1528 609 literas
1547 575 1712 610 humani-

315 645 404 674 ores,
425 633 481 666 vir
499 633 637 667 Scotiae
656 638 691 667 et
709 633 827 679 Belgii
845 634 908 666 lux
925 633 1051 678 ingens
1070 644 1109 666 ac
1127 632 1244 672 fama3
1265 632 1322 665 cui
1337 631 1444 673 Scoti,
1464 644 1544 666 cum
1559 635 1710 668 multam

314 692 408 736 grati
427 691 537 724 animi
555 690 849 737 significationem
868 690 1145 729 exhibuerimus,
1170 690 1274 733 plura
1297 689 1513 730 debebimus,
1541 692 1636 735 quod
1661 691 1711 725 fa-

315 750 463 783 cultates
482 760 564 783 suas
589 749 826 793 amplissimas
850 747 955 782 fratri
979 759 1044 782 suo
1069 747 1271 792 Hippolyto
1294 747 1490 792 reliquerit,
1517 753 1625 793 atque
1651 761 1709 783 eas

314 807 372 840 ille
406 807 610 841 societatem
644 808 752 841 etiam
782 807 976 852 ingressus,
1011 810 1134 840 nostro
1168 804 1284 838 Duaci
1319 806 1467 851 collegio
1506 807 1710 852 assignarit.

314 865 463 909 Scripsit
480 865 503 898 J
506 865 646 905 acobus,
664 869 705 899 ut
724 876 745 899 a
762 864 885 898 multis
906 864 1034 907 accepi,

361 922 632 957 Controversias
651 922 886 967 Theologicas
904 921 965 955 lib.
987 930 1012 954 Ι.
1048 919 1223 953 Dramata
1241 918 1367 964 lingua
1387 918 1585 964 Hispanica
1602 921 1662 955 lib.
1684 931 1708 955 1.

411 992 501 1024 quae
521 991 583 1014 rex
601 981 676 1024 ipse
695 979 880 1024 Hispanus
899 978 1084 1023 spectavit.

359 1038 460 1071 Obiit
478 1049 570 1072 anno
590 1046 750 1071 MDCXV.
803 1036 910 1070 Tales
936 1036 1096 1069 surculos
1118 1034 1247 1080 jejuna
1272 1033 1484 1068 Hirlandiae
1508 1035 1612 1070 arbos
1637 1048 1708 1071 non

310 1095 483 1139 producit.

729 1193 883 1228 ALEX.
912 1191 1143 1227 CRAGIUS.
1197 1193 1280 1230 295.

308 1270 579 1303 ALEXANDER
593 1268 745 1314 Cragius
760 1268 984 1308 Bamfiensis‚
1001 1267 1169 1301 mediocri
1188 1269 1265 1302 loco
1285 1271 1403 1307 natus,
1422 1267 1484 1301 sed
1502 1268 1597 1301 claro
1609 1267 1707 1314 inge-

307 1327 378 1368 nio,
399 1327 531 1361 Gallias
551 1327 652 1366 vidit,
670 1331 711 1360 ut
729 1327 846 1365 audio,
866 1330 899 1360 et
918 1324 1101 1371 Angliam,
1120 1336 1184 1360 nec
1203 1325 1290 1359 bene
1309 1326 1340 1359 ei
1356 1336 1435 1359 cum
1451 1325 1611 1359 sectariis
1626 1337 1707 1360 con-

309 1385 416 1424 venit,
441 1385 635 1428 plurimum
660 1395 744 1417 vero
768 1384 932 1429 religioni
960 1383 1178 1418 orthodoxae
1204 1383 1324 1424 favet3
1350 1394 1433 1417 nam
1453 1383 1596 1427 scripsit
1622 1381 1707 1418 ,Mo-

309 1440 459 1475 nachum
478 1445 512 1476 et
530 1439 814 1482 Adolescentem,
833 1439 907 1475 sive
924 1438 1075 1475 Bivium
1094 1438 1287 1482 Herculis,
1308 1441 1369 1475 lib.
1386 1450 1411 1475 1.
1431 1445 1643 1487 argumento
1662 1443 1707 1477 ab

307 1498 546 1545 Xenophonte
565 1501 688 1545 petito.
740 1500 845 1535 Vivit
863 1500 978 1534 adhuc
999 1498 1166 1533 Bamfiae.

701 1598 887 1633 GEORG.
916 1597 1166 1634 CONAEUS.
1220 1596 1302 1636 296.

304 1673 516 1708 GEORGIUS
535 1674 708 1713 Conaeus,
727 1674 941 1718 perantiqua
958 1677 994 1707 et
1011 1673 1188 1717 imprimis
1206 1673 1318 1706 nobili
1336 1673 1447 1718 stirpe
1471 1679 1589 1715 natus,
1613 1686 1705 1720 quae

302 1743 366 1776 per
384 1732 500 1766 varias
519 1731 793 1776 frequentesque
817 1731 1006 1765 affinitates
1030 1724 1230 1764 illustribus
1256 1729 1533 1773 Gordoniorum,
1562 1732 1705 1767 Leslae-

303 1801 417 1829 orum,
435 1789 672 1829 Setoniorum,
691 1788 965 1834 Cheynaeorum
982 1788 1129 1822 familiis
1143 1789 1282 1834 juncta,
1306 1789 1451 1823 tandem
1470 1790 1569 1824 dedit
1587 1790 1704 1824 Patri-

303 1848 396 1881 cium
422 1847 560 1891 Achryi
586 1848 692 1892 longo
719 1847 903 1892 sanguinis
922 1847 1006 1892 jure
1027 1847 1226 1886 dominum,
1252 1847 1372 1880 virum
1394 1846 1599 1882 Catholicae
1622 1849 1704 1883 reli-

301 1905 417 1950 gionis
452 1904 680 1948 professione,
716 1909 752 1939 et
786 1904 998 1938 fortitudine
1028 1904 1290 1945 clarissimum3
1319 1905 1421 1950 cujus
1456 1905 1636 1940 industria
1667 1911 1702 1940 et

302 1963 417 1996 virtus
436 1963 473 1996 in
493 1962 647 1996 mirabili
667 1962 728 1995 illa
750 1966 991 1996 trecentorum
1013 1962 1175 2007 equitum
1202 1961 1469 1996 Catholicorum
1495 1967 1619 1997 contra
1644 1964 1703 1997 de-

302 2031 374 2053 cem
394 2020 506 2053 millia
524 2020 782 2053 haereticorum
800 2020 962 2063 peditum
981 2020 1277 2053 Bellerenessensi
1296 2020 1457 2060 victoria,
1484 2021 1538 2054 bis
1563 2021 1641 2065 ipso
1663 2022 1701 2055 in

302 2076 467 2111 conflictu
485 2081 623 2111 mutato
642 2088 742 2121 equo,
762 2088 933 2122 magnum
947 2077 992 2111 ad
1005 2077 1162 2111 hostium
1182 2077 1459 2111 internecionem
1478 2082 1699 2112 momentum

303 2135 435 2169 attulit.
499 2135 675 2180 Georgius
696 2134 802 2175 filius,
827 2136 1035 2179 parentibus
1058 2135 1103 2169 ob
1129 2135 1319 2169 emicantes
1348 2135 1456 2169 etiam
1483 2136 1521 2169 in
1548 2135 1700 2170 infantia

303 2192 346 2225 ad
369 2192 539 2226 virtutem
562 2203 702 2226 omnem
726 2197 762 2227 et
786 2193 1001 2237 probitatem
1025 2194 1196 2227 scintillas
1221 2204 1305 2237 prae
1330 2197 1468 2227 caetera
1484 2194 1583 2237 prole
1602 2205 1699 2228 ama-

304 2255 373 2289 tus,
404 2261 492 2293 pene
523 2262 610 2294 puer
640 2251 685 2284 ad
716 2251 927 2295 capiendum
958 2251 1093 2297 ingenii
1128 2252 1265 2285 cultum
1301 2252 1346 2285 ad
1381 2255 1522 2286 exteros
1557 2251 1699 2291 missus,

303 2307 340 2339 in
377 2307 502 2352 Belgio
537 2307 663 2347 Duaci,
704 2309 766 2342 ubi
802 2309 952 2342 decurso
987 2309 1233 2353 philosophiae
1269 2309 1385 2343 stadio
1419 2309 1599 2354 egregiam
1634 2310 1700 2342 ele-

301 2364 419 2409 gantis
465 2365 598 2409 ingenii
643 2377 686 2399 ex
731 2366 874 2410 publica
916 2367 1177 2401 concertatione
1219 2367 1362 2401 laudem
1404 2367 1613 2411 reportavit,
1659 2367 1696 2400 in

303 2422 427 2456 Galliis
455 2421 630 2462 Lutetiae,
657 2423 694 2456 in
725 2423 830 2457 Italia
856 2424 991 2458 Romae
1019 2429 1054 2458 et
1082 2424 1276 2464 Bononiae,
1310 2425 1406 2458 omni
1433 2424 1590 2458 liberalis
1617 2424 1698 2458 doc-

302 2479 416 2513 trinae
441 2491 568 2526 genere
592 2481 751 2514 animum
777 2482 869 2515 serio
895 2482 1047 2527 subegit·
1099 2481 1267 2526 Dumque
1286 2481 1470 2515 Bononiae
1494 2486 1597 2521 esset,
1622 2481 1697 2515 ille-

301 2543 378 2571 ctus
416 2538 592 2572 constanti
628 2549 736 2582 supra
778 2539 1008 2573 adolescentis
1052 2543 1204 2573 aetatem
1248 2539 1427 2585 gravitate
1470 2538 1697 2572 Mirandulae
