2032 2912
719 335 894 368 GENTIS
919 335 1196 375 SCOTORUM,
1223 334 1311 367 LIB.
1335 335 1382 366 ΙΙ.
1682 334 1745 365 123

356 430 479 464 clesiae
496 441 580 464 suae
598 430 740 471 vindex,
760 435 796 464 et
814 430 972 464 omnium
987 430 1111 475 judex,
1130 435 1165 465 te
1183 429 1356 463 mendacii
1374 429 1546 473 comperti
1569 439 1669 462 reum
1691 439 1743 462 se-

355 499 437 522 vere
454 489 592 532 plectet,
611 488 679 521 nisi
697 488 786 521 iram
805 488 987 531 principis,
1005 499 1111 532 quam
1130 488 1264 533 injuria
1276 487 1489 531 provocasti,
1504 491 1605 520 caute
1618 486 1740 519 lenias.

355 545 450 580 Nam
470 546 508 579 in
521 556 612 590 quae
638 545 863 579 incommoda
888 555 932 577 ex
954 556 994 578 eo
1017 550 1175 588 tempore
1200 545 1308 578 miser
1332 545 1478 584 incurri,
1505 549 1568 578 aut
1589 544 1627 577 in
1652 555 1742 588 quae

354 614 426 637 non
444 603 603 647 quotidie
621 603 764 635 incurro
782 612 913 647 magna
930 612 1009 634 cum
1028 602 1108 640 mei,
1127 602 1187 634 sed
1205 601 1332 646 majori
1350 603 1512 635 ecclesiae
1534 601 1612 641 Dei,
1625 601 1743 646 jactu-

352 672 392 694 ra
403 660 420 693 ?
472 660 603 693 Omnia
620 670 710 704 quae
728 658 817 691 mihi
835 658 985 691 adversa
1001 658 1176 698 accidunt,
1194 658 1260 692 tibi
1286 659 1425 702 imputo
1441 669 1450 699 ;
1476 659 1542 692 etsi
1566 658 1742 692 conscien-

353 718 414 756 tia,
432 717 468 750 id
487 720 539 750 est
557 717 651 760 quod
669 727 745 749 esse
762 715 887 754 fertur,
906 715 973 748 etsi
990 726 1085 748 nunc
1102 727 1224 749 severa
1242 716 1427 760 sopitaque
1442 716 1668 755 obdormivit,
1687 715 1741 748 ni-

350 774 543 808 hilominus
570 774 714 807 tandem
740 772 936 819 evigilabit,
966 777 1002 806 et
1035 773 1214 807 commissi
1248 773 1406 807 criminis
1441 772 1739 807 commonefaciet.

351 831 456 865 Tunc
473 843 539 878 ego
556 832 610 866 tui
627 831 828 870 miserebor,
847 835 883 864 et
900 840 965 874 pro
983 830 1141 864 criminis
1159 831 1252 864 tanti
1269 835 1373 864 reatu
1385 830 1520 864 dolebo.
1550 829 1650 864 Inter
1660 835 1740 864 tuos

350 901 406 923 me
424 890 554 923 amicos
572 899 710 933 semper
726 888 847 928 habui,
865 889 925 922 sed
943 888 974 922 si
993 899 1033 922 ea
1049 888 1142 922 ratio
1160 892 1213 922 est
1231 888 1353 922 amicis
1371 888 1551 928 abutendi,
1567 888 1670 921 erade
1684 898 1740 921 me

351 959 394 981 ex
412 948 472 981 illo
494 947 584 987 albo,
607 958 736 981 nomen
759 958 803 980 ex
825 947 888 980 illa
910 947 1053 980 cohorte
1076 957 1195 980 meum
1213 947 1313 987 dele3
1343 956 1417 986 nec,
1443 946 1473 979 si
1492 946 1632 990 parium
1651 945 1741 979 mihi

350 1006 513 1049 deinceps
537 1005 797 1039 admissionalis
824 1004 978 1044 diducat,
1006 1005 1109 1038 video
1127 1004 1193 1038 hoc
1209 1016 1284 1038 esse
1302 1004 1603 1049 experiundorum
1627 1004 1741 1037 homi-

351 1074 438 1097 num
456 1067 606 1106 tempus.
654 1062 759 1102 Quod
784 1062 1030 1106 unusquisque
1056 1062 1206 1096 tacitum
1231 1063 1331 1101 celat,
1358 1062 1515 1106 patebit:
1541 1061 1651 1101 Deus,
1678 1062 1741 1106 qui

350 1132 415 1155 nos
432 1121 470 1154 in
488 1120 578 1153 hanc
596 1120 829 1154 tentationem
846 1120 1000 1159 induxit,
1019 1119 1177 1163 placidus
1196 1120 1332 1160 educat,
1355 1124 1522 1164 tutosque
1539 1120 1675 1159 reddat,
1695 1119 1741 1152 ad

350 1178 503 1212 nominis
527 1178 583 1210 sui
606 1178 770 1223 gloriam,
792 1177 907 1210 nostri
925 1177 1102 1211 solatium.
1154 1176 1244 1211 Vale
1270 1176 1495 1223 Edimburgo
1521 1178 1577 1211 die
1604 1185 1739 1211 XXVII.

350 1234 527 1279 Septemb.
546 1245 639 1268 anno
658 1234 859 1267 MDXCV1.’'

404 1291 438 1324 O
468 1292 563 1324 siren
592 1290 847 1324 ecclesiastica!
879 1290 929 1323 sic
958 1291 1193 1334 perduellium
1227 1291 1365 1325 nefaria
1395 1295 1513 1326 mente
1548 1291 1738 1336 excogitas,

348 1349 495 1382 scelesta
519 1359 629 1381 manu
654 1352 821 1387 attentas,
848 1351 884 1380 et
910 1347 1047 1381 delatus
1070 1349 1172 1393 regni
1197 1359 1359 1392 proceres
1386 1360 1527 1382 accusas
1554 1349 1738 1386 mendacii,

348 1409 383 1439 et
417 1409 540 1439 contra
573 1405 849 1450 chirographum
883 1405 1068 1449 proprium
1102 1405 1328 1448 impudenter
1368 1405 1526 1438 velitaris
1540 1407 1556 1438 Ρ
1606 1404 1742 1438 Amici-

347 1464 419 1497 tiae
452 1474 525 1497 non
558 1456 771 1507 optimatum
806 1463 922 1503 modo,
959 1463 1020 1496 sed
1054 1467 1090 1496 et
1119 1463 1304 1507 sanguinis
1332 1462 1423 1508 regii
1454 1463 1657 1507 principum
1685 1463 1738 1496 in-

348 1522 509 1555 consulto
543 1521 594 1554 sic
626 1520 844 1554 renuncias?
897 1520 966 1554 Sed
1000 1530 1153 1566 agnosco
1187 1519 1418 1554 calvinianae
1449 1520 1664 1554 humilitatis
1695 1520 1740 1554 ad

347 1579 472 1613 vivum
506 1589 709 1623 expressam
743 1578 947 1624 imaginem,
983 1583 1018 1612 et
1052 1577 1175 1611 novati
1210 1578 1387 1624 evangelii
1424 1578 1636 1612 submissam
1667 1578 1740 1622 pie-

348 1642 470 1671 tatem.
523 1636 618 1670 Pene
635 1637 866 1680 praeterierat
883 1636 1107 1680 subscriptio,
1126 1647 1217 1680 quae
1244 1636 1434 1670 scelestum
1461 1636 1498 1669 in
1521 1647 1640 1681 regem
1664 1637 1740 1669 ani-

350 1705 448 1728 mum
481 1695 536 1728 vel
564 1695 639 1728 sola
665 1694 824 1737 loquitur
854 1699 889 1728 et
919 1697 1082 1728 accusat:
1110 1694 1161 1726 sic
1190 1693 1308 1733 enim3
1341 1698 1362 1712 “
1380 1694 1643 1727 addictissimus
1674 1693 1738 1727 tibi

349 1753 467 1791 cliens,
486 1762 547 1796 spe
565 1762 630 1785 sua
647 1752 801 1784 multum
820 1751 1008 1796 dejectus.”
1059 1750 1110 1784 Et
1128 1761 1241 1784 unum
1263 1751 1407 1794 quidem
1430 1751 1666 1795 perduellium
1690 1752 1739 1784 al-

348 1814 424 1842 tero
450 1809 659 1847 accumulat,
686 1807 858 1852 siquidem
887 1809 925 1841 in
951 1809 1028 1852 ipso
1052 1807 1239 1851 perduellii
1265 1811 1347 1842 actu
1367 1808 1602 1853 deprehensos
1622 1808 1738 1842 Ruth-

349 1877 458 1901 venos
490 1866 648 1905 comites,
678 1876 719 1898 ac
748 1865 844 1911 regis
879 1866 1112 1909 periclitantis
1146 1867 1190 1900 de
1224 1867 1337 1911 capite
1366 1867 1474 1912 jussu
1507 1867 1649 1906 occisos,
1685 1878 1740 1901 ac-

348 1935 471 1958 cusare
496 1923 684 1962 recusavit,
711 1923 800 1956 illud
824 1922 1013 1967 Papiniani
1040 1925 1085 1957 ad
1109 1923 1327 1958 Caracallam
1352 1925 1533 1970 objiciens,
1560 1929 1582 1944 ‘⁶
1599 1925 1738 1959 facilius

347 1993 422 2016 esse
440 1981 669 2015 homicidium
694 1985 897 2024 perpetrare
919 1992 1026 2025 quam
1045 1993 1212 2015 excusare
1225 1982 1254 2015 :”
1280 1982 1341 2015 sed
1359 1982 1586 2023 Ruthvenus,
1606 1983 1738 2017 scilicet

348 2040 386 2073 in
404 2039 523 2073 schola
540 2039 595 2072 tui
613 2038 820 2083 symmistae
845 2038 987 2072 Calvini
1013 2039 1193 2078 educatus,
1218 2043 1253 2073 et
1279 2039 1461 2073 haereseos
1485 2041 1574 2074 lacte
1597 2052 1619 2074 a
1641 2045 1738 2075 tene-

348 2098 397 2131 ris
428 2097 557 2136 ebrius,
589 2100 670 2140 post
700 2095 911 2130 Germanica
939 2097 1114 2141 tyrocinia
1139 2096 1370 2130 Elizabethae
1396 2095 1628 2143 Anglicanae,
1657 2092 1738 2132 con-

347 2165 490 2201 gressus
517 2153 790 2187 ministellorum
826 2153 967 2187 obviam
995 2154 1247 2198 prodeuntium
1275 2165 1452 2199 pompam,
1490 2155 1566 2201 regi
1596 2155 1738 2190 obstare

347 2211 535 2246 videbatur
553 2222 597 2245 ne
615 2210 808 2245 Catholicis
826 2210 945 2245 favere
962 2217 1106 2255 posset3
1134 2216 1169 2246 et
1186 2212 1266 2246 ideo
1283 2223 1355 2246 non
1372 2212 1466 2258 regis
1485 2213 1609 2247 violati
1630 2214 1739 2249 ratio-

347 2280 440 2309 nem,
461 2269 521 2302 sed
539 2268 620 2303 fidei
637 2269 843 2302 asserendae
861 2269 1027 2303 affectum
1044 2268 1246 2303 habendum
1259 2269 1412 2304 Brusius
1426 2271 1550 2311 voluit,
1565 2272 1623 2305 vir
1637 2272 1739 2306 vehe-

347 2338 446 2361 mens
464 2327 502 2360 in
519 2326 663 2370 pietatis
680 2326 868 2371 regiaeque
890 2326 1077 2372 dignitatis
1095 2326 1276 2372 jacturam
1303 2328 1481 2372 eloquens,
1504 2333 1551 2369 et,
1577 2333 1619 2362 ut
1641 2329 1739 2376 inge-

347 2395 417 2418 nue
434 2383 559 2424 fatear,
577 2384 786 2418 multiscius.
839 2384 988 2428 Scripsit
1006 2384 1130 2424 multa,
1149 2385 1209 2418 sed
1228 2396 1294 2431 ego
1312 2396 1384 2419 non
1401 2385 1483 2431 legi,
1502 2391 1537 2420 et
1554 2387 1671 2420 nescio
1694 2399 1741 2421 an

346 2453 419 2475 non
435 2441 570 2485 aliquid
589 2442 786 2476 virulentae
803 2440 911 2475 faecis
935 2452 954 2475 e
976 2442 1070 2476 dolio
1088 2440 1319 2477 Calvinianae
1342 2442 1584 2488 improbitatis
1610 2444 1737 2478 admis-

347 2499 472 2532 cuerit.
