2032 2912
713 326 890 361 GENTIS
914 323 1191 364 SCOTORUM,
1216 323 1307 357 LIB.
1331 323 1357 358 I.
1688 321 1732 352 63

659 478 884 514 JACOBUS
908 476 1276 512 ANNANDAEUS.
1331 478 1413 511 114.

335 596 360 631 J
363 603 517 631 Aconus
535 594 777 629 Annandaeus
794 591 1071 632 Aberdonensis,
1089 590 1206 636 patria
1222 590 1356 633 relicta,
1376 590 1535 626 Parisios
1548 589 1731 628 concessit,

336 654 398 688 ubi
423 652 550 687 celebri
575 651 631 686 sui
656 650 845 698 gentisque
870 648 967 685 fama
990 648 1219 684 humaniores
1244 648 1402 694 primum
1428 648 1561 688 literas,
1588 658 1671 682 mox
1698 651 1733 681 et

338 709 598 754 philosophiam
615 712 669 743 est
685 706 878 753 professus.
929 705 1058 740 Edidit

486 765 531 800 In
548 765 701 800 Ethicae
717 763 968 799 Aristotelicae
987 763 1178 809 Synopsim
1327 763 1389 798 lib.
1410 772 1436 797 1.

486 822 543 859 De
560 822 693 858 Politia
711 821 820 857 Civili
1328 820 1389 855 lib.
1410 829 1436 855 1.

389 880 628 916 Profitebatur
645 891 739 915 anno
757 887 968 914 MDLxxvt.

640 1051 916 1088 PATRICIUS
940 1051 1295 1088 ANDERSONUS.
1349 1054 1431 1086 115.

344 1169 569 1203 PATRICIUS
587 1167 822 1204 Andersonus
840 1167 1028 1202 Rossensis
1052 1168 1181 1203 tenella
1203 1167 1396 1202 admodum
1419 1170 1545 1207 aetate,
1570 1170 1738 1200 evocante

343 1226 532 1266 avunculo,
550 1224 680 1260 Scotici
705 1224 964 1271 Norimbergae
987 1225 1145 1259 coenobii
1168 1224 1306 1265 abbate,
1329 1224 1404 1258 suis
1427 1223 1571 1264 relictis,
1595 1224 1634 1257 in
1658 1223 1740 1257 Bel-

342 1283 441 1329 gium
460 1282 570 1323 venit,
587 1281 742 1316 Lovanii
759 1281 919 1315 sedulam
937 1281 1039 1315 bonis
1057 1281 1194 1316 artibus
1219 1292 1363 1326 operam
1385 1285 1583 1315 navaturus
1598 1290 1607 1314 ι
1632 1281 1740 1314 mori-

343 1339 409 1373 bus
426 1339 593 1373 innocens
611 1349 651 1372 ac
668 1337 736 1372 fide
753 1338 903 1384 integer,
921 1338 1169 1384 peregrinatus
1187 1343 1241 1373 est
1258 1338 1424 1380 Romam,
1449 1338 1511 1372 ubi
1534 1338 1573 1372 in
1596 1338 1741 1372 societa-

343 1401 416 1430 tem
441 1395 530 1430 Jesu
554 1395 730 1430 admissus
754 1406 885 1440 paucos
915 1395 955 1429 in
985 1395 1246 1430 mathematicis
1277 1400 1340 1431 aut
1371 1395 1407 1430 S.
1434 1394 1614 1441 theologia
1638 1405 1740 1439 pares

342 1453 409 1488 hoc
434 1454 551 1488 seculo
575 1452 693 1493 habet,
719 1452 938 1498 superiorem
963 1452 1116 1488 nullum.
1167 1452 1328 1499 Scripsit,
1359 1457 1402 1489 ut
1428 1452 1548 1494 audio,
1580 1452 1641 1487 sed
1668 1462 1740 1486 non

344 1510 466 1551 edidit,

493 1567 538 1603 In
555 1567 774 1603 Mechanicis
792 1569 906 1604 multa
1336 1568 1397 1603 lib.
1417 1578 1444 1603 1.

490 1625 536 1660 In
553 1625 693 1670 Opticis
710 1626 825 1660 multa
1337 1627 1399 1661 lib.
1419 1635 1445 1661 1.

491 1682 546 1717 De
564 1682 703 1717 Sanctis
721 1681 847 1723 Scotis,
865 1694 976 1730 grave
993 1688 1029 1719 et
1045 1684 1179 1720 serium
1196 1694 1296 1730 opus,
1334 1684 1396 1718 lib.
1416 1693 1442 1718 1.

493 1739 548 1774 De
565 1739 798 1784 Blasphemia
816 1740 1070 1776 Ministrorum
1333 1742 1394 1776 lib.
1414 1749 1440 1775 1.

492 1796 548 1830 De
564 1796 728 1831 Veritate
746 1795 926 1831 Ecclesiae
1333 1798 1394 1833 lib.
1415 1807 1475 1833 111.

494 1853 549 1887 De
570 1853 713 1888 Patriae
730 1864 815 1888 suae
833 1853 950 1895 Statu,
969 1854 1176 1900 Hispanice,
1337 1855 1397 1890 lib.
1420 1865 1447 1891 1.

395 1910 498 1945 Vivit
515 1910 630 1944 adhuc
646 1911 684 1944 in
703 1910 840 1951 Galliis,
869 1915 905 1946 et
927 1912 1103 1958 religiosis
1126 1913 1220 1947 votis
1243 1913 1380 1958 patriae
1403 1924 1488 1948 suae
1511 1913 1742 1949 defectionem

348 1981 368 2003 a
385 1967 453 2002 fide
470 1968 643 2012 deplorat,
663 1972 698 2002 et
716 1968 858 2012 scriptis
876 1969 1048 2015 castigat;
1076 1970 1182 2004 audio
1200 1970 1330 2004 carceri
1348 1970 1393 2005 ab
1409 1970 1596 2006 haereticis
1610 1971 1741 2005 manci-

348 2030 483 2070 patum,
503 2029 539 2060 et
556 2029 760 2060 constanter
777 2036 892 2071 agere.
945 2026 1084 2060 Rumor
1101 2038 1195 2061 nunc
1212 2031 1266 2062 est
1283 2027 1421 2062 obiisse.

622 2196 948 2235 ALEXANDER
972 2197 1046 2233 AN
1047 2198 1252 2234 DERSON
1256 2199 1329 2234 US.
1383 2199 1464 2235 116.

348 2311 621 2346 ALEXANDER
653 2311 887 2348 Andersonus
921 2312 1189 2350 Aberdonensis
1229 2315 1389 2351 liberalia
1432 2314 1580 2351 Parisiis
1624 2318 1742 2351 studia

348 2369 503 2403 excoluit
528 2369 772 2404 munificentia
795 2379 858 2405 CL.
878 2379 916 2405 V.
938 2370 1086 2406 Domini
1108 2372 1291 2413 Beaulieu,
1317 2377 1432 2408 status
1459 2373 1588 2408 Gallici
1613 2379 1655 2408 ut
1681 2385 1741 2409 vo-

348 2430 430 2460 cant
474 2427 664 2467 secretarii,
707 2427 810 2473 cujus
853 2430 1057 2464 testamenti
1099 2430 1229 2465 tabulis
1264 2431 1371 2465 etiam
1409 2431 1605 2466 honoratus
1648 2433 1742 2478 lega-

348 2489 386 2517 ta
410 2485 592 2529 percepit3
625 2485 681 2519 vir
711 2485 844 2520 vivacis
876 2486 1022 2533 ingenii,
1055 2498 1096 2522 ac
1125 2499 1263 2523 summa
1294 2489 1491 2536 diligentia,
1522 2490 1579 2524 cui
1610 2490 1743 2524 mathe-
