2044 2992
537 448 615 479 Tres
630 447 692 478 imo
707 447 739 478 in
754 456 817 478 una
832 451 922 477 nocte
932 445 998 488 jam
1015 445 1136 477 Scotiae
1151 445 1236 477 vides

533 499 699 541 Splendere
715 498 804 535 soles,
820 497 927 529 lumen
942 504 973 529 et
989 497 1084 529 vitam
1101 497 1159 528 sibi

532 550 747 592 Impertientes
762 555 902 580 mutuam
916 561 924 585 ;
949 549 1050 587 fallor,
1067 549 1160 580 simul

530 602 608 633 Tres
623 602 698 633 dant
714 602 806 632 Scoto
821 601 887 632 orbi
902 601 1006 632 lumen
1023 607 1054 631 et
1069 600 1164 632 vitam
1177 612 1184 631 z
1211 607 1252 640 et,
1270 602 1353 644 quod
1368 609 1413 633 est

531 653 676 694 (Utinam
691 654 715 694 !)
732 653 856 684 futurae
870 652 986 694 grande
1002 652 1177 694 prodigium
1192 652 1247 691 rei,

529 705 602 736 Hoc
619 704 721 736 Scotia
737 705 843 736 melior
858 704 986 742 lumine,
1002 704 1061 735 hac
1077 704 1141 735 vita
1157 705 1247 746 sapit,

528 757 573 788 Et
590 757 692 788 Scotia
708 756 806 799 surgit
822 756 939 795 melior,
956 762 987 788 et
1003 756 1109 788 melior
1125 755 1211 788 nitet.

940 906 1168 938 EJUSDEM.

529 1015 723 1053 Innumeros,
740 1014 872 1053 Thoma,
888 1015 990 1047 foetus
1003 1015 1147 1057 producis
1162 1015 1195 1047 in
1211 1026 1311 1055 auras,

571 1067 658 1104 Quos
673 1067 745 1098 tulit
760 1067 792 1098 in
806 1067 922 1109 gremio
939 1067 1060 1099 Scotica
1075 1073 1155 1099 terra
1170 1078 1234 1100 suo.

527 1118 590 1155 Qui
605 1118 669 1156 fiet,
686 1118 750 1160 qui,
767 1119 792 1150 si
807 1119 916 1161 genuit
931 1125 962 1150 te
979 1119 1104 1151 Scotia?
1130 1119 1250 1151 Forsan

571 1170 616 1200 Et
631 1170 743 1208 lucem,
760 1177 791 1202 et
806 1171 901 1202 vitam
917 1182 1009 1213 quam
1025 1170 1120 1209 dedit,
1136 1171 1202 1213 ipse
1217 1171 1318 1203 refers.

528 1222 558 1252 O
573 1221 651 1259 laus,
669 1222 698 1253 Ο
714 1222 812 1263 pietas
828 1225 834 1253 !
859 1223 960 1254 lucem
976 1233 1047 1254 cum
1062 1223 1154 1254 laude
1169 1223 1317 1261 refundis,

572 1273 617 1304 Et
633 1273 726 1305 vitam
742 1280 849 1316 gratus
865 1285 935 1306 cum
951 1274 1065 1316 pietate
1080 1274 1182 1306 refers.

959 1531 1142 1566 ΑΥΤΟΥ

897 1634 975 1671 ΕΙΣ
1004 1633 1199 1670 ΑΥΤΟΝ.

534 1739 601 1781 Εἷς,
623 1739 741 1786 Θωμοῖ,
758 1738 888 1780 Σκότος,
907 1738 973 1774 οὐδὲ
990 1739 1112 1782 σκότος,
1131 1740 1227 1787 μάλα
1245 1738 1298 1775 δ’ἐν
1316 1741 1470 1777 &nov-{50⁶7

583 1795 639 1831 ’Eu
657 1797 766 1843 πάτξᾳ
783 1799 848 1838 σοῦ,
869 1795 926 1832 καὶ
943 1797 1082 1834 mim-031
1101 1796 1283 1841 φωτοδὸτης.
