2032 2912
306 332 349 364 78
685 321 915 356 HISTORIA
937 318 1311 353 ECCLESIASTICA

310 434 422 463 cursa,
449 421 610 456 ultimam
635 417 821 463 periodum
846 414 973 450 clausit
991 413 1200 457 Dumblani‚
1222 413 1286 448 ubi
1307 412 1562 447 miraculorum
1585 413 1700 459 gloria

310 478 483 518 inclaruit,
507 474 720 510 messoribus
742 473 850 518 paulo
873 477 956 507 ante
979 476 1142 513 mortem,
1166 471 1297 517 quibus
1320 481 1385 506 nec
1401 469 1505 516 panis
1529 479 1593 504 nec
1617 480 1699 504 caro

309 540 393 575 erat,
410 533 571 579 precibus
587 531 662 566 suis
680 531 775 566 cibos
799 531 898 577 large
921 541 943 564 a
965 528 1044 565 Deo
1066 529 1285 575 impetravit.
1337 528 1393 564 De
1417 538 1489 574 quo
1513 527 1551 562 hi
1576 537 1700 562 versus

308 594 493 628 feruntur:

606 661 682 690 Ecce
695 660 761 700 pius
774 659 890 700 praesul
904 659 1023 694 Bhnus,
1038 659 1160 698 suspiria
1173 659 1274 688 matris

609 707 738 741 Deflens,
752 713 797 737 ter
810 712 912 736 natum
926 707 1003 745 regis
1016 706 1053 735 de
1065 711 1158 736 morte
1171 706 1332 736 columbam

607 755 735 785 Suscitat
749 754 931 789 incolumem,
947 753 1185 792 baptizatumque
1197 753 1312 792 parenti

607 802 756 836 Reddidit,
771 807 802 831 et
815 801 948 840 sequitur
962 800 1070 829 domini
1084 800 1207 839 vestigia
1219 800 1319 841 patris.

308 877 452 923 Scripsit
552 875 609 910 De
625 874 817 922 Evangelii
835 874 962 910 Gratia
1243 873 1305 908 lib.
1326 882 1353 908 1.

552 932 689 968 Versus
705 932 879 977 quosdam
896 942 1015 966 sacros
1249 931 1310 966 lib.
1331 939 1357 965 1.

553 989 747 1034 Praecepta
764 989 809 1024 ad
826 988 1109 1023 Catechumenos
1248 987 1312 1022 lib.
1331 995 1357 1022 Ι.

358 1050 478 1084 Floret
495 1058 588 1083 anno
605 1055 822 1081 CCCCXLVI.
874 1044 1027 1085 Colitur,
1047 1044 1191 1090 templis
1207 1044 1241 1079 ei
1259 1044 1369 1079 variis
1388 1044 1490 1092 regni
1508 1045 1704 1090 provinciis

310 1108 443 1147 erectis,
460 1106 517 1140 die
534 1112 622 1139 XIX.
641 1103 743 1138 Julii.
795 1102 958 1138 Breviar.
978 1101 1106 1136 Scotic.
1157 1100 1273 1137 Extat
1290 1101 1458 1137 officium.

750 1218 787 1253 S.
813 1216 918 1253 BEY
944 1215 1117 1252 VIRGO.
1170 1218 1254 1255 137.

309 1338 347 1372 S.
377 1337 469 1372 BEY
499 1336 611 1382 virgo,
641 1334 707 1370 sub
736 1333 901 1368 Donaldo
930 1343 1014 1379 rege
1044 1332 1325 1368 sanctimonialis
1355 1331 1520 1368 habitum
1544 1343 1567 1367 a
1593 1332 1703 1368 Sodo-

310 1395 404 1429 rensi
423 1394 584 1439 episcopo
601 1392 737 1433 induta,
761 1391 966 1438 religiosam
989 1390 1102 1426 vitam
1125 1390 1164 1425 in
1181 1390 1286 1426 terris
1304 1390 1390 1437 egit,
1408 1394 1444 1425 et
1461 1391 1647 1428 coelestem
1665 1391 1704 1425 in

310 1452 415 1487 coelis
431 1451 571 1486 meruit.

360 1508 499 1544 Claruit
521 1518 614 1542 anno
639 1515 855 1542 Dcecxcw.
909 1505 1051 1541 Colitur
1072 1505 1238 1552 religiose
1262 1505 1322 1540 die
1343 1514 1369 1540 1.
1394 1504 1594 1542 Novembr.
1615 1509 1706 1540 tem-

311 1568 439 1612 plaque
465 1566 541 1611 ejus
567 1564 633 1599 sub
657 1564 892 1605 invocatione,
922 1568 1001 1599 toto
1027 1563 1161 1608 passim
1190 1574 1313 1610 regno,
1339 1563 1463 1601 divino
1493 1562 1606 1598 cultui
1631 1574 1705 1598 non

311 1635 424 1669 pauca
441 1627 576 1664 erecta3
602 1622 845 1668 praecipuum,
862 1626 905 1657 ut
921 1621 1038 1662 audio,
1057 1620 1204 1656 Banfiae
1221 1620 1303 1656 fuit.
1347 1620 1576 1657 Breviarium
1593 1620 1705 1655 Scoti-

313 1693 403 1716 cum.
455 1680 548 1716 Acta
565 1680 684 1715 omnia
700 1680 925 1715 interierunt.

776 1794 813 1830 S.
839 1793 1092 1830 BOEANUS.
1147 1795 1230 1829 138.

315 1916 335 1931 ‘⁶
353 1910 390 1945 S.
407 1910 615 1952 BOEANUS,
633 1911 794 1946 sacerdos
812 1915 848 1945 et
865 1910 1037 1956 praesul?
1054 1914 1097 1944 ut
1113 1909 1275 1955 loquitur
1292 1919 1492 1955 anonymus
1510 1910 1548 1944 in
1565 1908 1653 1944 Vita
1666 1909 1702 1943 S.

315 1968 460 2002 Fursaei
490 1969 585 2013 apud
614 1968 760 2003 Surium
790 1973 877 2003 tom.
909 1977 935 2002 Ι.
966 1979 1048 2014 pag.
1079 1975 1190 2002 CXVI.
1244 1966 1422 2001 Omnibus
1448 1967 1608 2013 ejusdem
1635 1967 1704 2000 viri

316 2025 525 2060 sanctissimi
551 2025 699 2060 Fursaei
725 2025 862 2060 actibus
888 2030 924 2060 et
949 2025 1147 2060 visionibus
1177 2025 1289 2065 adest,
1320 2029 1537 2059 secretorum
1567 2025 1706 2059 divino-

316 2093 394 2116 rum
412 2083 594 2124 consciusg
622 2088 655 2118 et
675 2087 715 2118 ut
733 2084 822 2118 scias
842 2083 1037 2117 Hirlandos
1054 2082 1146 2116 nihil
1169 2082 1208 2116 in
1231 2093 1272 2116 eo
1296 2082 1436 2123 habere,
1463 2083 1513 2117 sic
1535 2082 1611 2127 ipse
1635 2082 1706 2120 illc⁷

316 2150 420 2182 quem
438 2140 668 2175 indoctissimi
685 2141 843 2181 laudant,
862 2150 1061 2186 anonymus
1079 2139 1173 2174 idem
1195 2139 1348 2185 scriptor
1370 2144 1523 2175 testatur
1538 2149 1547 2174 ε
1576 2143 1599 2160 “
1617 2138 1708 2174 Ver-

317 2195 401 2229 bum
418 2195 485 2230 Dei
502 2197 735 2240 praedicabat,
752 2202 788 2232 et
805 2209 847 2232 ea
864 2197 984 2233 omnia
1008 2208 1099 2242 quae
1125 2197 1275 2238 viderat,
1302 2201 1366 2232 aut
1391 2198 1566 2238 audierat,
1592 2197 1706 2232 omni·

320 2251 384 2285 bus
401 2253 538 2296 populis
556 2253 739 2289 Scotorum
758 2254 1028 2290 annunciabat.''
1071 2253 1172 2301 Ergo
1185 2259 1221 2289 et
1234 2254 1404 2290 revelatio
1418 2255 1456 2290 in
1469 2255 1612 2300 populis
1626 2253 1708 2289 Sco-

321 2313 438 2342 torum
468 2310 672 2355 significata,
703 2317 739 2346 et
767 2313 1023 2357 depraedicata,
1059 2313 1144 2357 quia
1178 2313 1215 2346 in
1246 2312 1378 2347 eisdem
1408 2313 1583 2347 divinitus
1613 2322 1708 2346 acce-

321 2370 383 2409 pta
397 2375 405 2399 :
432 2370 467 2400 et
484 2365 645 2402 Boeanus
662 2369 803 2413 quidem
821 2371 859 2404 in
875 2370 993 2416 patria
1010 2369 1182 2411 substitit,
1201 2369 1360 2406 Fursaeo
1377 2380 1458 2405 cum
1476 2369 1648 2404 fratribus
1670 2369 1708 2402 in

323 2422 472 2457 Galliam
508 2424 681 2466 tendente,
714 2433 755 2460 ut
797 2438 899 2472 saepe
941 2427 1028 2462 alias
1070 2427 1136 2463 hoc
1179 2439 1284 2473 opere
1325 2427 1566 2466 observatum,
1611 2425 1708 2460 viros
