2032 2912
264 307 267 308 ’
316 302 377 334 190
698 297 932 330 HISTORIA
956 296 1332 330 ECCLESIASTICA

624 416 882 451 GEORGIUS
909 415 1271 451 CRICHTONIUS.
1323 418 1408 451 343.

318 511 528 545 GEORGIUS
547 508 787 548 Crichtonius,
806 519 869 542 seu
888 507 1099 548 Crittonius‚
1118 508 1240 542 eadem
1257 512 1374 554 gente,
1393 508 1455 543 sed
1475 520 1547 543 non
1565 509 1713 550 familia,

316 574 420 602 natus
435 567 651 613 Edimburgi
666 566 825 600 honestis
843 566 1062 611 parentibus,
1081 565 1238 600 Parisios
1253 566 1362 606 venit,
1378 577 1565 601 commune
1579 568 1712 602 scilicet

315 626 499 659 literarum
523 625 735 669 emporium,
759 624 944 669 coepitque
967 624 1195 658 humaniores
1219 624 1341 658 literas
1364 624 1524 669 profiteri
1547 625 1585 659 in
1604 625 1712 659 Beco-

315 683 431 723 diano,
450 682 617 717 Galandii
636 682 816 727 auspiciis,
837 693 931 716 anno
951 690 1194 716 MDLXXXIV-
1222 682 1472 717 amoenissimo
1498 683 1560 717 sed
1583 695 1713 728 parum

313 741 488 775 laborioso
506 741 660 787 ingenio,
681 751 812 787 magna
829 740 868 774 in
885 744 1037 784 utraque
1050 740 1175 785 lingua
1188 739 1364 780 facundia,
1379 740 1492 775 bonus
1506 752 1622 785 prosa,
1639 752 1711 775 me-

313 799 381 833 lior
409 809 538 840 versu3
570 799 750 843 professor
780 798 900 844 regius
934 797 1149 831 Graecarum
1176 797 1215 831 in
1241 798 1362 831 eadem
1390 799 1570 833 academia
1594 799 1713 833 litera-

313 867 405 898 rum,
428 857 527 904 genti
550 857 714 903 gloriam,
741 856 809 890 sibi
835 856 980 889 divitias
1006 854 1154 899 peperit.
1207 853 1302 900 Ejus
1329 860 1414 890 sunt
1441 867 1548 900 opera
1573 856 1713 891 infinita

313 915 418 949 edita.
470 914 553 961 Ego
569 925 682 959 pauca
699 914 891 948 admodum
909 913 995 953 vidi,
1013 923 1104 957 quae
1122 911 1320 958 subjiciam.

461 971 589 1006 Castra
606 972 809 1006 Becodiana
1329 971 1390 1005 lib.
1411 981 1436 1006 1.

459 1029 579 1065 Sortes
599 1029 811 1064 Homericae
868 1065 872 1068 Δ
1325 1029 1387 1063 lib.
1408 1038 1435 1064 1.
1455 1028 1563 1064 Actio
1580 1034 1713 1065 extem-

509 1088 641 1132 poralis
660 1088 699 1121 in
722 1091 849 1121 senatu
874 1087 1007 1128 habita,
1035 1090 1248 1132 argumento
1272 1086 1317 1120 ab
1343 1086 1493 1122 Homeri
1517 1089 1593 1122 loco
1618 1093 1713 1123 sorte

508 1150 631 1190 aperto
655 1146 855 1190 desumpto,
882 1156 954 1189 qua
980 1145 1111 1178 ducum
1137 1144 1413 1179 Homericorum
1437 1145 1590 1180 virtutes
1613 1157 1714 1180 sena-

508 1203 647 1238 toribus
670 1204 918 1248 praesentibus
941 1203 1033 1237 mira
1056 1202 1259 1247 eloquentia
1284 1214 1324 1237 ac
1350 1203 1519 1238 felicitate
1545 1204 1711 1249 applicat,

508 1274 580 1307 qua
607 1262 715 1296 etiam
742 1262 1002 1307 competitores,
1029 1264 1065 1294 et
1095 1260 1133 1294 in
1163 1260 1219 1294 his
1252 1260 1463 1296 Parentium
1493 1261 1712 1302 Parisinum‚

506 1320 645 1354 ambitu
661 1320 800 1365 dejecit.

460 1378 660 1413 Cathedrae
682 1378 946 1412 Cameracensis
970 1376 1135 1417 Querela,
1162 1377 1206 1411 de
1227 1382 1396 1423 corrupta
1419 1378 1618 1413 academiae
1642 1378 1711 1412 dis-

507 1437 647 1481 ciplina,
662 1441 697 1470 et
707 1436 931 1480 publicorum
944 1434 1184 1479 professorum
1197 1436 1347 1477 vilitate,
1355 1436 1416 1470 lib.
1438 1446 1463 1471 1.

459 1494 715 1530 Genethliacon
733 1493 905 1538 Delphini
1354 1494 1415 1528 lib.
1437 1504 1462 1528 1.

459 1552 688 1587 Emblemata
705 1551 799 1585 Duci
817 1550 944 1585 Suillio
1354 1552 1415 1586 lib.
1436 1561 1461 1586 1.

458 1610 649 1645 Orationes
667 1621 732 1654 pro
750 1609 929 1643 reddendo
948 1613 1032 1643 voto
1354 1610 1415 1644 lib.
1437 1619 1463 1644 1.

458 1668 566 1703 Actio
583 1668 734 1702 forensis
753 1678 834 1701 cum
853 1666 1031 1707 Richerio,
1050 1667 1112 1711 qui
1132 1668 1169 1701 in
1184 1668 1286 1702 illum
1304 1668 1458 1712 scripsit,
1477 1668 1537 1702 lib.
1562 1678 1586 1702 Ι.

456 1726 664 1773 Augurium
695 1724 832 1759 Galliae
861 1724 1033 1765 faustum,
1065 1725 1150 1759 dum
1186 1737 1230 1760 ex
1263 1726 1552 1772 peregrinatione
1588 1727 1710 1762 votiva

508 1784 672 1819 Romana
689 1783 806 1824 rediit,
1353 1784 1414 1818 lib.
1435 1793 1460 1818 Ι.

459 1842 702 1877 Praefationes
734 1842 772 1875 in
799 1852 920 1876 omnes
949 1852 1039 1885 pene
1070 1842 1200 1887 probos
1226 1841 1403 1877 Auctores
1430 1841 1583 1877 Graecos
1610 1842 1710 1877 Lati-

504 1912 640 1945 nosque
1353 1901 1414 1935 lib.
1435 1910 1460 1935 Ι.

454 1959 624 1993 Poemata
641 1960 797 2003 plurima
1351 1959 1412 1994 lib.
1433 1968 1459 1993 Ι.

360 2018 517 2052 Uxorem
536 2018 689 2051 duxerat
706 2016 839 2051 Adami
864 2017 1079 2053 Blacvodaei
1104 2017 1295 2062 municipis
1323 2017 1560 2052 Pictaviensis
1587 2017 1707 2057 filiam,

308 2087 348 2109 ex
367 2087 438 2121 qua
457 2076 557 2109 nulla
574 2077 672 2120 prole
690 2080 864 2120 suscepta,
884 2076 973 2111 obiit
990 2087 1084 2111 anno
1105 2084 1256 2110 MDCXI.
1283 2075 1340 2110 die
1365 2084 1455 2110 VIII.
1478 2074 1628 2120 Aprilis,
1655 2087 1708 2110 se-

308 2135 429 2177 pultus
449 2134 493 2167 ad
510 2133 776 2168 Dominicanos.

603 2249 902 2284 GULIELMUS
928 2250 1269 2286 CRICHTONUS.
1324 2252 1407 2285 344.
1437 2297 1439 2300 Ι

308 2364 557 2398 Gunmmms
602 2365 828 2407 Crichtonus,
872 2366 1059 2402 Societatis
1102 2367 1191 2402 Jesu
1232 2367 1420 2413 presbyter
1462 2367 1623 2402 eruditus
1669 2371 1703 2400 et

306 2423 396 2466 pius,
447 2422 708 2469 quinquaginta
758 2425 861 2459 annis
910 2426 1073 2471 religiose
1120 2424 1158 2460 in
1205 2426 1326 2460 eadem
1376 2425 1542 2461 societate
1588 2429 1702 2459 trans-
