2032 2912
696 365 872 398 GENTIS
899 365 1175 404 SCOTOIIUM,
1201 366 1289 397 LIB.
1312 366 1370 397 VI.
1669 367 1732 399 279

339 459 437 494 ribus
456 460 530 494 suis
549 469 638 493 VIII.
658 460 812 499 secessit,
830 460 1165 506 religiosissimeque
1182 461 1291 506 hujus
1311 462 1404 495 vitae
1428 460 1566 506 fragilis
1588 464 1730 505 peracto

339 529 456 558 cursu,
487 523 523 552 et
550 519 714 552 divorum
743 529 892 551 numero
915 518 1079 562 ascripta,
1104 524 1139 552 et
1162 519 1342 554 miraculis
1365 519 1555 565 gloriosam
1579 519 1634 553 sui
1659 529 1730 552 me-

340 576 489 610 moriam
508 576 664 620 reliquit.
716 575 808 609 Vide
830 575 891 608 lib.
912 583 966 608 IV.
985 575 1022 608 iu
1039 573 1266 616 Donevaldo,
1286 582 1321 610 et
1338 577 1399 611 lib.
1421 586 1494 610 XII.
1521 576 1559 609 in
1578 574 1731 610 Mazota

340 633 405 667 hoc
423 645 538 677 opere.

391 690 420 724 F
423 691 532 724 loruit
549 702 643 724 anno
663 698 830 724 DCCXVI.
888 689 1140 724 Sanctissimae
1157 691 1327 735 reliquiae
1345 690 1544 726 Abernethi
1563 698 1676 725 erant.

809 804 845 838 S.
873 804 1120 839 FINTANA.
1174 806 1267 845 513.

340 921 376 954 S.
402 920 602 954 FINTANA
625 920 738 966 virgo,
761 919 828 953 sub
850 919 1015 954 Conrano
1041 932 1124 966 rege
1150 921 1195 955 ab
1218 921 1338 955 eodem
1363 922 1523 956 antistite
1548 923 1735 957 sanctimo-

341 979 471 1012 nialem
490 979 627 1018 induta,
646 978 767 1011 eodem
787 978 823 1011 in
843 978 1010 1012 coenobio
1029 990 1108 1012 cum
1128 978 1163 1012 S.
1184 979 1280 1012 Otha
1305 980 1607 1013 continentissime
1633 981 1734 1019 vixit,

340 1037 532 1081 eodemque
549 1036 617 1077 die,
637 1036 816 1070 communi
836 1036 940 1069 etiam
961 1036 1045 1069 aede
1063 1048 1172 1077 sacra,
1198 1038 1566 1071 commemorationem
1594 1039 1732 1072 meruit.

340 1093 435 1128 Acta
452 1095 648 1139 perierunt.

390 1153 531 1187 Claruit
549 1165 643 1188 anno
661 1161 810 1186 DXXVI.
863 1152 1003 1187 Colitur
1021 1153 1077 1186 die
1097 1162 1188 1186 XIII.
1209 1153 1386 1187 Octobris.
1426 1153 1588 1188 Breviar.
1608 1154 1734 1188 Scotic.

787 1267 824 1302 S.
852 1268 1154 1303 FOILLANUS.
1208 1271 1291 1303 514.

343 1385 379 1419 S.
407 1385 652 1419 FOILLANUS
680 1384 792 1418 frater
818 1384 880 1418 SS.
916 1384 1064 1418 Fursaei
1098 1390 1134 1418 et
1167 1384 1304 1424 Ultani,
1332 1384 1426 1419 filius
1456 1385 1615 1420 Fhiltani
1646 1387 1739 1432 regis

345 1443 551 1482 Hiberniae,
587 1447 630 1477 ut
664 1443 779 1477 voluit
811 1442 1018 1488 Sigebertus
1050 1441 1314 1476 Gemblacensis
1345 1443 1383 1476 in
1413 1442 1601 1484 Chronico,
1631 1455 1740 1488 nepos

345 1501 518 1535 Brendini
539 1501 634 1547 regis
652 1500 852 1541 Scotorum,
876 1499 1049 1546 Gelgethe
1072 1499 1146 1533 filia
1168 1499 1299 1533 Adelfii
1324 1500 1446 1534 fratris
1473 1501 1550 1546 ejus
1576 1502 1740 1547 genitus;

345 1565 382 1594 at
407 1559 534 1593 falsam
554 1564 590 1592 et
613 1569 798 1592 erroneam
824 1569 899 1592 esse
925 1558 1129 1602 opinionem
1155 1558 1373 1592 convincunt
1398 1559 1522 1593 multa.
1574 1560 1743 1594 Auctori-

344 1623 399 1652 tas
428 1617 586 1661 primum
617 1616 811 1650 Trithemii
840 1616 901 1651 lib.
930 1625 992 1649 111.
1021 1616 1064 1649 de
1091 1614 1170 1649 Vir.
1197 1616 1310 1650 illust.
1337 1616 1464 1650 Ordin.
1492 1617 1528 1650 S.
1555 1617 1740 1651 Benedicti

346 1687 421 1719 cap.
439 1683 617 1708 LXXXVI.
637 1677 659 1693 ‘⁶
674 1673 710 1707 S.
726 1673 918 1713 Fursaeus,
936 1673 1080 1707 natione
1098 1672 1236 1713 ScotuS,
1254 1673 1361 1707 abbas
1380 1674 1585 1707 monasterii
1604 1674 1742 1709 Chaob-

346 1732 535 1778 hesburg.''
547 1737 583 1766 et
594 1742 670 1776 cap.
684 1740 866 1765 LXXXIX.
883 1736 904 1750 “
918 1731 954 1765 S.
970 1730 1151 1770 Follanus‚
1166 1731 1309 1764 natione
1323 1731 1460 1771 Scotus,
1475 1731 1585 1765 frater
1599 1731 1634 1765 S.
1651 1732 1742 1766 Fur-

347 1790 451 1825 saei.’'
508 1789 605 1824 Tum
633 1789 742 1824 verba
767 1789 1008 1834 antiquissimi
1039 1789 1193 1823 auctoris
1223 1789 1404 1833 anonymi,
1435 1801 1540 1834 quem
1569 1789 1740 1824 Laurent.

347 1849 475 1883 Surius
501 1853 588 1882 tom.
608 1857 646 1882 V.
673 1847 826 1881 inseruit
851 1848 909 1881 die
935 1847 1062 1881 Octob.
1089 1855 1210 1880 XVIII.
1238 1847 1536 1881 communicatum
1559 1860 1580 1881 a
1603 1847 1741 1882 Joanne

348 1907 522 1946 Charlier,
541 1906 744 1950 praeposito
761 1906 927 1939 ecclesiae
945 1904 981 1938 S.
1001 1904 1169 1938 Mononis
1188 1905 1393 1950 collegiatae
1410 1905 1448 1938 in
1467 1904 1655 1939 Leodiensi
1674 1910 1742 1940 ter-

348 1965 495 1999 ritorio:
526 1968 549 1984 “
567 1963 752 1997 Oriundus
771 1974 815 1996 ex
833 1962 962 2002 Scotia‚
987 1974 1078 2007 quae
1102 1963 1232 1996 multos
1257 1966 1472 2002 sanctorum,
1500 1964 1597 1996 velut
1623 1964 1742 1997 stellas

348 2021 521 2062 lucifluas,
540 2022 585 2056 ad
603 2022 762 2055 diversas
781 2021 906 2054 mundi
926 2021 1124 2054 transmisit
1142 2025 1272 2064 parteS,
1299 2025 1341 2053 ut
1365 2019 1434 2054 fuit
1458 2021 1634 2065 pretiosus
1661 2032 1743 2055 con-

348 2081 461 2115 fessor
479 2080 671 2119 Fursaeus,
690 2091 796 2124 quem
815 2079 977 2113 Parrona
1002 2079 1132 2112 retinet
1157 2079 1250 2112 laeta
1275 2089 1354 2111 cum
1373 2090 1437 2112 suo
1455 2078 1566 2112 fratre
1584 2078 1741 2118 Ultan03

350 2143 384 2173 et
412 2138 596 2172 Foillanus
623 2148 747 2171 eorum
773 2137 896 2176 frater,
923 2137 1044 2182 magni
1069 2136 1188 2170 meriti
1210 2136 1277 2176 vir,
1303 2137 1404 2182 cujus
1433 2137 1632 2181 praesentia
1660 2136 1744 2170 Cas-

349 2201 446 2230 trum
476 2195 676 2241 congaudet
708 2195 899 2236 Fossense3
933 2194 968 2227 S.
1000 2206 1141 2239 quoque
1173 2194 1378 2234 Bertuinus,
1410 2194 1445 2228 S.
1478 2194 1742 2240 Fredegandus,

350 2265 486 2287 necnon
513 2253 549 2287 S.
570 2252 759 2297 Eloquius,
787 2252 967 2286 confessor
985 2252 1204 2298 magnificus,
1231 2262 1335 2296 quem
1355 2251 1621 2286 walciodorum
1640 2263 1744 2286 vene-

351 2317 452 2345 ratur
471 2310 691 2350 coenobium,
710 2311 841 2355 aliique
864 2311 1062 2354 complures
1085 2310 1209 2350 sancti,
1233 2321 1385 2354 quorum
1410 2321 1598 2344 numerum
1622 2314 1658 2343 et
1683 2321 1744 2343 no-

351 2370 449 2402 mina
467 2373 588 2403 sancta
606 2368 941 2412 praedestinationis
956 2368 1113 2401 continet
1128 2368 1249 2402 liber.”
1288 2367 1522 2414 Magnificum
1540 2367 1606 2401 hoc
1625 2378 1745 2401 mona-

350 2427 499 2461 sterium
529 2427 623 2460 dono
654 2431 689 2460 et
717 2426 929 2460 liberalitate
965 2425 1153 2460 Gertrudis
1182 2425 1334 2472 virginis
1361 2426 1551 2465 exstruxit,
1583 2436 1623 2459 ac
1652 2436 1744 2459 mar-

352 2485 447 2530 tyrio
475 2485 616 2518 tandem
644 2489 844 2519 coronatus.
899 2483 1067 2518 Meminit
1086 2484 1185 2518 Beda
1202 2483 1262 2518 lib.
1283 2492 1343 2518 111.
1371 2482 1576 2519 Ecclesiast.
1607 2483 1742 2517 Histor.

992 2544 1014 2575 2
1035 2550 1058 2574 o
