2032 2912
360 307 425 337 320
742 305 978 338 HISTORIA
1002 305 1379 340 ECCLESIASTICA

365 401 571 436 Marcellam
587 410 596 434 ε
624 405 645 420 “
664 400 749 435 Flos
767 401 924 446 quidam,
952 405 988 436 et
1005 402 1285 446 pretiosissimus
1303 402 1394 448 lapis
1412 402 1507 436 inter
1530 403 1764 437 ecclesiastica

364 462 573 494 ornamenta
591 458 847 493 monachorum
865 463 901 493 et
918 459 1102 505 virginum
1119 460 1248 494 chorus
1272 465 1336 500 est,
1364 460 1567 505 quicunque
1594 460 1703 495 fuerit
1725 461 1762 494 in

366 516 483 551 Gallia
500 516 660 560 primus:
678 515 748 550 huc
771 521 939 561 properat
963 517 1099 551 divisus
1126 517 1171 552 ab
1196 517 1281 552 orbe
1303 522 1428 552 nostro
1446 516 1657 558 Britannus,
1676 518 1706 551 si
1725 518 1764 551 in

365 573 537 619 religione
554 574 790 619 processerit3
819 574 965 608 occiduo
983 575 1055 609 sole
1081 575 1238 616 dimisso,
1265 575 1406 621 quaerit
1431 576 1549 610 locum
1574 575 1671 609 fama
1697 575 1765 610 sibi

366 635 508 665 tantum
527 636 563 666 et
580 633 839 677 scripturarum
858 633 1030 667 relatione
1048 633 1265 679 cognitum.’'
1305 633 1358 668 Ut
1376 633 1419 667 de
1437 644 1474 667 se
1492 633 1578 668 haec
1592 633 1688 667 dicta
1701 639 1765 667 aut

362 689 559 734 majoribus
577 690 653 724 suis
678 689 879 730 Britannis,
904 688 1018 736 Angli
1043 691 1270 731 contendant,
1294 702 1360 737 ego
1386 702 1459 726 non
1485 691 1589 726 video
1615 702 1679 725 cur
1705 701 1765 725 ex-

365 746 460 780 cludi
479 747 605 781 debeat
623 747 753 782 Scotia.
791 747 860 781 Sed
878 748 921 781 de
939 752 1016 782 tota
1033 748 1100 782 hac
1117 748 1394 794 Hieronymiani
1412 749 1648 783 monachismi
1666 759 1765 794 prae-

363 804 507 845 stantia,
536 805 775 845 institutione,
803 804 1069 840 confirmatione
1095 806 1141 840 ad
1167 810 1330 841 sanctum
1354 806 1594 851 sepulchrum,
1621 807 1692 840 late
1710 807 1766 840 vir

362 863 626 897 eruditissimus
658 863 745 897 Pius
773 862 921 897 Rubeus
949 862 1190 905 Placentinus,
1219 864 1379 910 ejusdem
1405 864 1563 898 familiae
1588 869 1701 909 pater,
1728 864 1764 898 S.

362 915 586 965 Carpophori
604 921 715 965 prior,
734 922 772 954 in
791 920 1068 959 Commentariis
1086 922 1124 955 in
1145 921 1218 956 Res
1236 927 1355 968 gestas
1374 921 1410 955 S.
1431 921 1657 967 Hieronymi,
1676 933 1765 966 quos

365 977 469 1012 Comi
487 979 600 1013 editos
620 980 699 1025 lego
717 979 811 1013 dono
835 983 870 1012 et
893 978 1138 1013 munificentia
1156 988 1193 1013 V.
1214 988 1277 1013 CL.
1302 979 1469 1014 Bassiani
1494 978 1595 1013 Gatti
1620 979 1766 1013 Placen-

362 1036 441 1077 tini,
461 1036 587 1070 itidem
614 1036 892 1081 Hieronymiani
916 1036 1080 1070 monachi
1104 1037 1149 1071 ad
1174 1036 1209 1071 S.
1231 1037 1443 1071 Barbatiani
1469 1036 1665 1077 Bononiae,
1693 1038 1763 1076 cui,

360 1098 403 1128 ut
421 1094 489 1128 toti
506 1094 560 1128 illi
578 1094 713 1134 domui,
731 1094 888 1139 plurima
909 1105 966 1128 me
985 1094 1121 1135 debere,
1147 1095 1234 1129 haec
1257 1095 1440 1129 attestatio
1464 1095 1642 1139 loquetur.
1696 1094 1765 1128 Sed

360 1153 405 1186 ad
424 1151 603 1186 Grantum
621 1152 737 1193 redeo,
758 1153 820 1197 qui
840 1152 975 1187 ordinis
993 1153 1050 1186 sui
1067 1163 1131 1197 per
1155 1152 1311 1187 Scotiam
1338 1152 1568 1197 provincialis
1592 1163 1765 1187 memora-

361 1216 433 1250 tur,
452 1221 492 1244 ac
511 1211 707 1245 multarum
730 1211 876 1245 utilium
902 1221 1024 1245 rerum
1049 1211 1202 1256 scriptor
1227 1211 1520 1251 commendatum
1549 1215 1584 1245 et
1610 1221 1696 1245 vero
1721 1211 1764 1245 de

361 1268 610 1303 Bethleemitis
627 1269 831 1309 dolendum,
850 1269 924 1314 qui,
945 1280 1026 1303 cum
1045 1269 1118 1304 sint
1135 1268 1377 1314 antiquissimi
1395 1268 1440 1302 ab
1458 1268 1536 1313 ipso
1560 1267 1597 1303 S.
1621 1268 1764 1302 doctore

362 1326 532 1366 instituti,
550 1331 593 1361 ut
610 1327 764 1365 videtur,
784 1327 983 1361 incredibili
1002 1323 1133 1360 damno
1150 1337 1261 1371 paene
1279 1327 1317 1360 in
1343 1326 1500 1361 tenebris
1519 1326 1762 1365 delituerunt;

361 1395 425 1418 nec
442 1386 557 1419 ullum
574 1385 613 1418 in
631 1384 750 1419 Scotia
769 1385 979 1419 coenobium
998 1396 1132 1424 eorum,
1146 1388 1288 1429 praeter
1301 1384 1369 1419 hoc
1381 1395 1506 1425 unum,
1521 1383 1611 1418 mihi
1625 1388 1762 1422 notum,

361 1454 425 1477 nec
443 1454 487 1477 ex
505 1443 586 1483 isto,
606 1454 670 1487 per
688 1447 742 1477 tot
761 1444 889 1484 secula,
910 1443 1090 1487 quispiam
1108 1442 1199 1477 alius
1218 1442 1425 1476 celebretur.
1479 1442 1631 1487 Scripsit

511 1500 567 1535 De
585 1500 845 1535 lViclefitarum
865 1500 1021 1535 Perfidia
1303 1500 1365 1534 lib.
1387 1509 1411 1533 1.

509 1558 646 1593 Contra
664 1558 848 1604 Begardos
1303 1558 1365 1592 lib.
1387 1566 1412 1591 1.

411 1616 554 1650 Floruit
573 1627 668 1651 anno
688 1624 884 1650 mecemv.

696 1732 972 1767 PATRICIUS
999 1730 1287 1767 GORDONUS.
1341 1732 1425 1769 595.

363 1847 590 1882 PATRICIUS
609 1847 811 1888 Gordonus‚
829 1848 938 1894 regiis
957 1859 1066 1894 agens
1084 1848 1123 1881 in
1141 1847 1247 1881 rebus
1266 1847 1362 1891 apud
1381 1846 1548 1888 Polonos,
1568 1846 1710 1891 scripsit

510 1905 731 1951 Lachrymas
749 1906 788 1939 in
807 1905 949 1940 Funere
968 1905 1117 1940 Henrici
1306 1904 1367 1939 lib.
1387 1913 1413 1939 1.

411 1963 515 1999 Vivit
533 1964 660 2005 adhuc,
678 1968 720 1999 ut
738 1964 914 1999 existimo.

709 2078 1011 2115 GULIELMUS
1036 2078 1273 2115 GUILDUS.
1327 2077 1412 2117 596.

365 2196 614 2231 GULOELMUS
644 2196 798 2231 Guildus
828 2196 1108 2238 Aberdonensis,
1140 2195 1349 2241 theologicis
1376 2195 1506 2229 studiis
1537 2205 1609 2229 non
1635 2195 1762 2230 leviter

364 2256 509 2295 tinctus,
553 2260 595 2289 ut
638 2266 752 2300 nuper
795 2254 912 2290 Roma
950 2255 1118 2289 admonet
1156 2254 1358 2288 adolescens
1397 2253 1637 2293 doctissimus,
1672 2253 1761 2287 civis

364 2323 464 2347 meus
497 2312 675 2347 Robertus
703 2313 850 2354 Bodius,
881 2317 1071 2358 postquam
1096 2311 1255 2346 honestis
1282 2311 1411 2345 studiis
1437 2322 1502 2356 per
1527 2310 1661 2345 Gallias
1688 2312 1762 2346 ani-

365 2381 465 2405 mum
492 2370 711 2411 oblectasset,
737 2372 884 2406 domum
909 2370 1027 2411 rediit,
1054 2381 1094 2405 ac
1120 2370 1263 2415 scripsit
1297 2369 1483 2414 quaedam,
1510 2369 1572 2403 sed
1598 2380 1664 2415 ego
1690 2379 1761 2403 non

367 2429 466 2464 vidi:
492 2428 529 2462 in
547 2428 614 2469 his,
