2044 2992
972 346 1029 385 xii

317 458 455 498 Meras
475 455 708 510 saepissime
733 465 863 506 nugas
889 449 1046 497 retulit,
1073 454 1118 489 et
1142 461 1309 502 operam
1329 449 1546 502 pueriliter
1566 449 1692 491 lusit:

316 534 566 574 quocunque
606 519 749 558 ferunt
786 516 922 570 pedes,
962 513 1181 566 scriptores
1225 512 1387 552 invenit
1426 513 1498 554 ille
1542 514 1694 554 Scotos.

316 586 446 624 Recte
475 583 603 635 igitur
632 582 810 621 ‚Iacobus
841 579 1041 618 Waraeus
1069 577 1121 615 de
1150 575 1426 629 Scriptoribus
1455 578 1696 626 Hiberniae,

314 662 351 701 p.
376 651 463 690 119.
522 652 543 670 “
563 646 614 685 In
635 659 757 685 suum
778 644 1024 697 scriptorum
1045 640 1205 680 Scotiae
1230 640 1475 695 catalogum,
1502 656 1577 696 pro
1604 641 1697 682 libi-

316 711 413 750 dine
433 724 516 757 sua,
537 708 705 762 Anglos,
726 707 894 754 Wallos,
916 716 958 746 et
980 704 1189 744 Hibernos
1209 704 1360 757 passim
1380 705 1539 755 retulit,
1569 712 1614 746 et
1643 706 1696 746 ad

314 774 559 814 assertiones
580 787 671 812 suas
691 771 924 817 firmandas,
944 768 1068 808 finxit
1088 767 1322 821 saepissime
1337 769 1545 818 authores,
1563 784 1698 824 opera,

316 837 435 885 locos,
456 843 498 877 et
518 839 739 890 tempora.”
798 834 988 874 Eandem
1018 834 1107 886 ejus
1133 831 1353 872 libidinem
1380 848 1465 873 non
1494 848 1579 873 uno
1606 833 1697 874 loco

316 901 496 941 coercuit
524 900 805 940 Hibernorum
836 898 959 950 longe
986 895 1259 944 doctissimus,
1286 896 1466 937 Jacobus
1493 897 1697 945 Usserius,

315 964 520 1004 mitissimi
542 963 805 1017 caeteroquin
827 962 889 1001 vir
909 960 1077 1014 ingenii.

369 1029 434 1067 De
469 1028 735 1081 scriptoribus
775 1024 1026 1065 Britannicis
1060 1029 1158 1064 ante
1193 1024 1491 1079 Dempsterum
1525 1031 1697 1078 egerant

315 1091 507 1131 nonnulli
528 1090 771 1144 Anglorum,
793 1096 835 1129 et
855 1089 898 1128 in
918 1088 1063 1142 primis
1083 1089 1109 1127 J
1112 1102 1266 1129 oannes
1287 1088 1511 1137 Lelandus,
1533 1089 1698 1143 elegan-

315 1155 428 1194 tioris
449 1155 511 1194 vir
532 1154 788 1201 eruditionis,
819 1160 861 1193 et
884 1153 995 1192 inter
1021 1159 1210 1193 auctores
1236 1153 1534 1193 humaniorum
1560 1153 1699 1193 litera-

315 1233 406 1259 rum
440 1219 483 1258 in
520 1218 671 1272 Anglia
705 1218 1070 1259 instaurandarum
1101 1216 1225 1270 plane
1256 1218 1487 1271 ponendus.
1568 1217 1698 1257 Hunc

314 1290 478 1323 secutus
499 1289 561 1322 est
580 1283 606 1321 J
610 1297 762 1322 oannes
784 1282 947 1330 Baleus,
967 1281 1093 1321 homo
1114 1281 1214 1321 item
1236 1281 1411 1335 Anglus,
1439 1282 1511 1321 sed
1540 1282 1699 1322 Ossori-

314 1347 420 1387 ensis
440 1347 551 1400 apud
573 1347 781 1386 Hibernos
808 1346 1034 1399 episcopus,
1048 1345 1135 1403 *qui
1166 1352 1368 1398 regnante
1395 1345 1531 1385 Maria
1560 1345 1696 1386 solum

316 1417 472 1450 vertere
504 1417 678 1458 coactus,
713 1410 884 1450 immani
915 1410 1010 1449 odio
1039 1409 1083 1449 in
1110 1410 1289 1464 purioris
1316 1408 1527 1464 religionis
1557 1410 1698 1451 hostes

314 1475 434 1514 unice
469 1475 676 1528 flagrabat.
739 1473 978 1514 Praesulem
1005 1473 1289 1513 Ossoriensem
1321 1474 1484 1527 excepit
1513 1474 1696 1514 Joannes

315 1539 486 1586 Pitseus,
508 1540 650 1579 doctor
671 1537 900 1592 theologus,
927 1544 969 1578 et
990 1537 1316 1577 Liverdunensis
1336 1538 1449 1591 apud
1470 1537 1696 1578 Lotharin-

313 1616 384 1655 gos
414 1603 614 1643 decanus:
648 1602 823 1642 Baleum
851 1616 925 1642 suo
953 1615 1067 1641 more
1095 1601 1293 1655 exagitat,
1320 1601 1556 1642 Catholicos
1582 1596 1711 1642 omni‘

313 1666 436 1706 laude
465 1666 661 1714 cumulat,
689 1673 731 1706 et
754 1666 1050 1707 commentaria
1081 1667 1170 1719 ejus
1199 1665 1323 1719 plena
1352 1672 1452 1705 sunt
1480 1666 1696 1706 futilitatis

314 1744 579 1783 summaeque
618 1730 810 1771 levitatis.
883 1730 1037 1770 Parum
1077 1730 1195 1769 nobis
1233 1730 1501 1783 profecerunt
1535 1730 1579 1769 hi
1613 1737 1697 1770 tres

314 1794 520 1834 Joannes:
551 1795 593 1834 in
626 1795 818 1834 omnibus
850 1794 1045 1834 limatum
1071 1794 1278 1847 judicium
1310 1794 1604 1842 desideramus,
1634 1808 1698 1834 ea-

314 1856 492 1909 demque
513 1857 702 1896 omnibus
723 1858 858 1897 inanis
878 1858 930 1897 de
950 1858 1085 1911 patria
1101 1858 1313 1912 jactantia.
1373 1858 1474 1897 Post
1493 1857 1580 1906 hos,
1607 1872 1696 1899 rem

314 1919 537 1959 literariam
558 1935 770 1974 aggressus
791 1921 1075 1975 Dempsterus,
1097 1922 1236 1961 omnia
1256 1922 1309 1961 ad
1334 1922 1519 1962 criticam
1549 1923 1697 1962 severi-

314 1989 443 2023 tatem
464 1984 635 2024 minime
656 1986 804 2038 exegit,
827 1986 899 2025 sed
919 1985 1054 2026 multa
1074 1985 1214 2025 futilia
1233 1986 1423 2039 undique
1439 1986 1633 2033 corrasit3
1654 1994 1697 2027 et

316 2061 399 2100 quo
420 2047 543 2087 fidem
568 2062 683 2088 suam
713 2049 952 2089 sacrificulis
982 2050 1181 2090 Romanis
1210 2051 1415 2104 probaret,
1445 2064 1528 2089 non
1556 2051 1696 2103 potuit

316 2125 400 2150 non
422 2111 630 2164 religionis
650 2119 693 2152 et
712 2112 915 2154 libertatis
937 2114 1121 2154 vindices
1142 2114 1373 2154 identidem
1393 2113 1559 2154 latrare.

372 2173 460 2213 Nec
479 2179 618 2214 tamen
639 2189 712 2214 sua
732 2175 855 2215 laude
884 2176 1142 2218 fraudandus
1171 2184 1244 2218 est.
1304 2178 1369 2218 De
1397 2177 1568 2218 meliore
1598 2184 1698 2219 nota

316 2236 450 2275 multa
476 2238 688 2290 congessit,
716 2239 768 2278 de
794 2239 843 2279 iis
870 2242 1111 2294 praesertim
1139 2242 1410 2296 scriptoribus
1440 2242 1525 2295 qui,
1553 2242 1696 2283 exules

316 2300 483 2352 patriae,
504 2300 717 2342 interiores
738 2309 780 2342 et
800 2306 1031 2345 reconditas
1060 2306 1200 2346 literas
1230 2307 1273 2346 in
1304 2306 1524 2347 academiis
1556 2306 1696 2347 Gallo-

318 2375 422 2409 rum,
445 2361 729 2417 Italorumque
749 2372 791 2405 et
815 2367 1129 2418 Germanorum,
1157 2385 1239 2410 non
1273 2371 1360 2411 sine
1385 2369 1518 2423 gloria
1547 2370 1697 2410 docue-

320 2431 429 2465 runt.
487 2425 571 2466 Alii
592 2426 730 2468 literas
749 2429 1025 2482 humaniores,
1041 2434 1354 2475 mathematicas
1370 2433 1608 2488 disciplinas
1624 2434 1692 2474 alii
