2032 2912
321 326 385 357 278
706 322 939 355 HISTORIA
963 320 1339 354 ECCLESIASTICA

326 422 482 466 plurima
493 430 601 464 opera
612 419 812 463 perierunt3
833 422 952 453 exstat
964 422 1086 453 tamen
1104 418 1200 463 apud
1215 417 1365 452 Petrum
1380 416 1584 459 Petavium,
1598 419 1730 455 Parisi-

326 490 444 512 ensem
465 482 677 516 senatorem,
698 476 777 510 MS.
797 477 952 522 eleganti
970 487 1091 517 manu,

478 535 670 569 Ordinatio
688 546 773 568 suae
792 534 973 568 Ecclesiae
1276 535 1334 568 lib.
1354 543 1379 567 1.

375 593 680 639 Martyrologium
702 592 856 627 Roman.
876 593 1040 627 meminit
1059 602 1130 627 VII.
1151 593 1378 633 Novembris,
1406 594 1467 627 sed
1486 595 1596 629 tacita
1612 600 1731 641 gente,

326 658 367 685 ut
402 658 437 685 et
475 651 604 686 Petrus
640 650 869 685 Gelasinius:
908 651 1045 685 omittit
1073 652 1219 685 omnino
1250 650 1496 697 Maurolycus.
1528 652 1730 698 Episcopus

326 714 552 743 consecratus
575 720 669 743 anno
688 717 867 743 DCLXIII.
894 710 984 743 obiit
1008 721 1101 744 anno
1121 718 1306 743 DCLXXV.
1336 704 1500 745 conditus
1526 711 1565 744 in
1591 722 1732 745 monas-

325 767 416 802 terio
434 767 633 808 Scotorum,
652 767 749 812 quod
767 768 842 812 ipse
860 767 1074 808 aedificarat,
1094 769 1151 802 vel
1170 772 1191 787 “
1209 768 1248 802 in
1266 767 1411 802 ecclesia
1428 780 1536 814 quam
1555 769 1733 816 guberna-

329 826 417 866 rat,”
435 826 487 861 ait
505 837 706 871 anonymus
725 826 878 870 scriptor
894 826 1072 860 laudatus.

803 942 838 976 S.
867 941 1118 976 FIACRIUS.
1173 945 1216 976 51
1225 945 1256 976 1.

328 1060 363 1095 S.
387 1060 586 1094 FIACMUS
604 1059 803 1094 incredibili
823 1059 1023 1099 sanctitate,
1049 1058 1207 1104 Eugenii
1226 1059 1290 1094 IV.
1319 1061 1413 1106 regis
1432 1060 1539 1101 filius,
1565 1062 1733 1095 monasti-

329 1131 405 1154 cam
437 1120 550 1154 vitam
578 1130 689 1165 regno
717 1118 913 1162 praetulit3
945 1128 1029 1151 nam
1059 1129 1079 1151 a
1108 1117 1256 1152 Conano
1288 1119 1513 1153 sanctissimo
1543 1119 1733 1153 Sodorensi

328 1179 491 1223 episcopo
519 1178 721 1218 institutus,
753 1177 792 1210 in
822 1175 976 1210 Galliam
1005 1175 1186 1220 profectus
1211 1187 1231 1210 a
1260 1176 1294 1210 S.
1322 1176 1464 1211 Farone
1493 1177 1733 1211 Meldensium

330 1237 494 1281 episcopo
512 1236 666 1282 agellum
686 1235 833 1279 accepit,
853 1234 888 1267 in
910 1246 981 1279 quo
1000 1234 1113 1267 vitam
1134 1234 1439 1280 religiosissimam
1458 1236 1543 1282 egit,
1569 1235 1734 1280 precibus

331 1307 351 1328 a
369 1294 447 1328 Deo
465 1295 565 1339 lepra
582 1293 739 1333 obtenta,
764 1304 808 1326 ne
834 1304 915 1327 cum
942 1293 1080 1338 legatis,
1108 1293 1145 1326 in
1173 1291 1327 1327 Galliam
1354 1293 1485 1335 missis,
1513 1295 1557 1329 ad
1582 1305 1734 1340 regnum

330 1353 556 1387 subeundum
574 1352 613 1385 in
631 1351 787 1386 Scotiam
806 1350 924 1384 redire
942 1355 1140 1396 cogeretur.
1181 1350 1308 1385 Surius
1326 1355 1414 1385 tom.
1430 1360 1501 1386 VII.
1521 1357 1558 1387 et
1572 1363 1734 1397 compen-

332 1411 430 1445 diose
448 1410 577 1444 Franc.
606 1409 783 1443 Haraeus.
808 1408 1003 1442 Mosander
1020 1420 1064 1442 ex
1082 1409 1162 1443 MS.
1188 1410 1353 1443 ecclesiae
1372 1409 1625 1456 Trajectensis.
1653 1410 1737 1444 Bel-

331 1470 452 1503 forest.
484 1467 544 1501 lib.
574 1476 598 1501 Ι.
626 1466 759 1501 Annal.
787 1478 863 1511 cap.
892 1475 1041 1500 XXXVI.
1073 1467 1178 1501 Joan.
1207 1467 1375 1501 Molanus
1402 1468 1440 1501 in
1470 1467 1659 1503 Addition.
1689 1469 1733 1502 ad

332 1526 552 1560 Usuardum.
582 1525 687 1559 Hect.
704 1524 879 1559 Boethius
893 1525 953 1558 lib.
971 1534 1026 1558 IX.
1042 1524 1182 1560 Histor.
1200 1525 1294 1560 Scot.
1310 1537 1392 1572 pag.
1407 1535 1586 1561 CLXXIII.
1613 1526 1737 1561 Fusis-

332 1586 420 1618 sime
451 1583 755 1629 Martyrologium
784 1582 936 1616 Roman.
966 1592 1069 1616 xxx.
1097 1583 1284 1629 Augusti:
1314 1589 1335 1604 ‘⁶
1362 1584 1406 1618 In
1433 1585 1617 1619 territorio
1647 1585 1737 1620 Mel·

332 1643 432 1677 densi
459 1641 496 1676 S.
530 1641 663 1675 Fiacrii
691 1640 931 1675 confessoris.”
995 1640 1125 1676 Petrus
1153 1641 1358 1676 Gelasinius
1385 1643 1507 1676 eodem
1534 1643 1616 1677 die:
1644 1649 1665 1663 ‘⁶
1693 1644 1736 1678 In

332 1701 462 1734 finibus
481 1699 721 1734 Meldensium
741 1698 776 1732 S.
799 1698 932 1733 Fiacrii
950 1698 1194 1740 confessoris‚”
1216 1700 1428 1734 admiranda
1445 1701 1636 1735 sanctitate
1654 1702 1735 1735 viri.

335 1758 620 1804 Religiosissime
639 1758 744 1791 hodie
767 1756 861 1791 Galli
881 1757 1083 1791 Meldenses
1110 1758 1187 1803 ejus
1215 1763 1429 1792 conservant
1453 1759 1675 1799 memoriam,
1703 1765 1737 1794 et

333 1818 431 1850 cultu
451 1816 648 1849 incredibili
664 1815 905 1860 frequentant.
940 1815 1033 1849 Acta
1047 1815 1242 1850 Meldensis
1258 1816 1433 1850 ecclesiae.
1477 1815 1501 1849 J
1503 1827 1635 1851 oannes
1651 1818 1738 1852 Les-

337 1877 433 1908 laeus
461 1874 521 1907 lib.
542 1883 594 1906 IV.
620 1885 702 1919 pag.
729 1883 791 1907 CI..
842 1872 1050 1918 Discipulus
1075 1874 1111 1907 S.
1138 1874 1290 1908 Faronis
1315 1875 1351 1908 in
1379 1875 1547 1909 coenobio
1576 1875 1736 1911 Brodolii

335 1933 502 1967 nemoris.
570 1932 721 1966 Arnold.
755 1931 875 1966 Uvion
907 1932 967 1966 lib.
1001 1941 1061 1965 111.
1093 1931 1201 1979 Ligni
1233 1932 1342 1967 Vitae
1372 1943 1455 1978 pag.
1488 1941 1736 1968 CCLXXXVII.

335 1991 485 2035 Scripsit

484 2049 544 2083 Ad
563 2048 598 2083 S.
618 2049 746 2094 Syram
766 2048 931 2083 Sororem
951 2048 995 2082 de
1013 2048 1235 2083 Monasticae
1254 2048 1360 2083 Vitae
1379 2048 1503 2083 Laude
1580 2051 1641 2085 lib.
1663 2061 1687 2084 1.

536 2107 616 2141 MS.
635 2107 780 2142 Meldis.
1690 2115 1699 2121 “

486 2165 741 2200 Meditationes
1580 2167 1641 2200 lib.
1664 2176 1688 2201 ῐ.

386 2223 528 2257 Claruit
546 2235 640 2258 anno
660 2232 855 2273 DCXXXII.

817 2324 853 2358 S.
882 2324 1126 2358 FINCANA.
1172 2326 1255 2358 512.

338 2398 373 2432 S.
403 2397 610 2439 FINCANA‚
639 2399 742 2445 virgo
768 2398 885 2439 Scota,
912 2399 948 2434 S.
975 2399 1175 2433 Donevaldi
1196 2399 1279 2440 filia,
1307 2405 1342 2434 et
1371 2400 1405 2434 S.
1434 2400 1600 2435 Mazotae
1626 2411 1736 2440 soror,

336 2467 426 2500 quae
463 2457 670 2500 parentibus
707 2457 843 2497 orbata,
874 2458 1098 2491 sanctissimo
1130 2457 1276 2492 vivendi
1309 2459 1492 2502 proposito
1528 2469 1608 2492 cum
1645 2469 1739 2492 soro-
