2032 2912
683 339 859 372 GENTIS
884 339 1162 378 SCOTORUM,
1186 339 1276 372 LIB.
1300 339 1359 372 IV.
1660 340 1724 372 2537

322 447 432 481 supra
449 437 547 471 illam
566 439 729 470 aetatem.
783 434 857 469 Ter
873 435 1073 470 academiae
1091 435 1250 481 ejusdem
1266 439 1395 476 rector,
1420 434 1483 480 qui
1500 434 1615 470 honor
1632 446 1719 469 non-

322 495 407 529 dum
446 495 562 529 adhuc
599 493 835 538 promiscum,
878 497 914 527 et
952 493 1080 537 cuique
1115 493 1310 537 expositus,
1348 504 1482 539 magna
1516 493 1720 528 animorum

322 553 547 587 contentione
580 550 814 586 fluctuantem
857 550 1109 595 magistratum
1151 551 1297 595 recepit,
1332 555 1368 585 et
1401 551 1596 595 prudenter
1631 551 1718 585 adeo

321 610 598 649 administravit,
636 613 677 643 ut
708 608 864 642 seniores
896 606 983 641 fassi
1014 607 1088 642 sint
1120 608 1222 649 mihi,
1254 613 1289 643 et
1323 613 1402 643 acta
1436 609 1635 644 academica
1669 614 1720 643 te-

321 673 475 708 stantur,
492 677 679 711 nunquam
699 665 839 699 meliori
864 669 963 699 statu
985 676 1041 699 res
1065 666 1144 699 illas
1169 665 1291 700 fuisse.
1344 666 1528 701 Emeritus
1550 667 1633 701 inde
1650 665 1719 701 Ve-

319 726 432 760 netias
476 736 498 758 a
538 723 765 758 serenissimo
808 727 947 764 senatu,
985 723 1095 769 digno
1134 723 1339 765 Minervali,
1378 729 1556 764 evocatus,
1594 724 1719 759 biblio-

320 784 459 817 thecam
486 782 533 816 D.
562 781 689 821 Marci‚
722 781 778 815 cui
804 781 1029 825 praepositus
1059 786 1146 821 erat,
1178 781 1381 822 ordinavit;
1411 782 1450 815 in
1476 783 1577 828 cujus
1604 782 1715 822 aditu,

319 846 361 875 ut
392 841 510 881 audio,
541 840 661 885 imago
691 839 723 873 ei
753 839 870 883 posita
899 838 1130 873 honorificam
1160 840 1236 885 ejus
1267 839 1475 874 memoriam
1510 840 1605 884 apud
1638 851 1718 885 gra-

320 899 500 933 tissimum
526 899 701 944 populum
724 903 924 932 conservat.
975 897 1109 931 Fuerat
1133 897 1201 931 hoc
1226 896 1395 943 κειμήλιον,
1421 902 1456 932 et
1479 897 1719 931 inaestimabi-

319 957 362 992 lis
394 957 585 992 thesaurus
616 955 784 989 librariae
811 955 1039 999 supellectilis
1073 956 1235 990 sereniss.
1271 955 1485 1000 reipublicae
1520 956 1660 1001 legatus
1697 966 1719 988 a

319 1015 509 1049 Cardinale
535 1014 747 1048 Bessarione
772 1012 1017 1057 Trapezuntio
1039 1024 1133 1048 anno
1159 1021 1498 1048 MCCCCLXXXIIX.
1550 1012 1645 1047 Acta
1669 1012 1716 1047 D.

319 1072 445 1113 Marci,
481 1077 517 1107 et
550 1070 712 1106 historici
748 1069 890 1105 Veneti.
933 1070 1081 1105 Obierat
1116 1071 1309 1106 Bessarion
1349 1083 1404 1106 an.
1442 1079 1715 1106 MCCCCLXXII.

317 1131 374 1165 die
388 1140 495 1164 xllx.
510 1129 686 1164 Novemb.
735 1127 966 1163 Schraderus.
1018 1129 1112 1175 Ejus
1129 1134 1225 1170 sunt,
1243 1140 1335 1175 quae
1352 1140 1419 1176 ego
1437 1129 1600 1169 viderim,
1615 1134 1656 1163 ut
1674 1129 1717 1163 de

318 1190 396 1224 aliis
414 1194 551 1224 taceam
566 1199 575 1222 z

466 1247 620 1293 Logicae
639 1245 831 1281 Elementa
1213 1245 1274 1279 lib.
1294 1254 1320 1278 1.

466 1304 619 1338 Collatio
636 1303 842 1337 Platonicae
860 1306 968 1347 atque
985 1301 1236 1337 Aristotelicae
1255 1302 1509 1346 Philosophiae
1605 1302 1667 1336 lib.
1690 1311 1714 1335 1.

513 1373 584 1406 quo
610 1371 715 1405 opere
741 1360 832 1393 nihil
858 1359 997 1400 Musae,
1029 1361 1227 1393 multorum
1253 1360 1403 1405 judicio,
1430 1359 1627 1404 elegantius
1654 1364 1716 1392 aut

513 1418 674 1453 ornatius
693 1418 886 1451 viderunt:
912 1417 951 1451 in
969 1428 1040 1461 quo
1058 1428 1162 1461 opere
1180 1417 1290 1451 etiam
1307 1416 1539 1456 desudarunt,
1564 1421 1606 1450 ut
1629 1416 1717 1450 alios

514 1476 690 1514 omittam,
715 1473 893 1520 Georgius
918 1473 1115 1508 Gemistius
1133 1473 1298 1514 Plethon,
1328 1472 1472 1507 Gabriel
1494 1473 1715 1514 Buratellus,

515 1533 705 1567 Hubertus
724 1532 876 1573 Folieta,
896 1531 1143 1567 Bernardinus
1162 1530 1339 1566 Donatus.

465 1592 653 1637 Epistolae
1211 1590 1274 1624 lib.
1294 1599 1320 1623 Ι.

366 1651 505 1695 Incepit
531 1650 655 1685 docere
683 1649 843 1689 Parisiis,
870 1652 912 1682 ut
933 1659 978 1682 ex
1000 1648 1087 1682 actis
1109 1647 1266 1682 nationis
1291 1647 1522 1682 Germanicae
1546 1649 1712 1693 comperi,

317 1720 410 1744 anno
430 1716 567 1742 MDLII.
622 1706 809 1741 Profectus
828 1710 882 1740 est
899 1705 1069 1740 Venetias
1088 1717 1182 1740 anno
1201 1714 1382 1740 MDLX1V.
1434 1705 1535 1740 Obiit
1553 1704 1713 1740 Venetiis

319 1775 502 1801 MDLXXI.

716 1880 932 1915 THOMAS
958 1880 1313 1915 DEMPSTERUS.

317 2000 496 2034 THOMAS
514 1998 761 2043 Dempsterus,
788 1996 897 2043 hujus
922 1997 1038 2041 operis
1063 2002 1198 2038 auctor,
1226 2002 1268 2031 ut
1294 1997 1430 2032 meritis
1458 2002 1492 2031 et
1517 1997 1713 2031 eruditione

316 2058 464 2092 ultimus
483 2063 548 2097 est,
566 2057 618 2090 ita
635 2055 804 2090 ultimum
822 2056 939 2089 locum
957 2056 1150 2096 sortietur3
1178 2055 1241 2090 ubi
1262 2055 1304 2089 de
1322 2055 1394 2096 illo,
1413 2055 1443 2089 si
1462 2055 1553 2089 tanti
1571 2054 1713 2099 putabis

317 2127 403 2156 esse,
422 2116 514 2149 vide.

688 2230 712 2265 J
714 2229 923 2265 OANNES
949 2229 1206 2264 DURAEUS.
1261 2233 1344 2269 429.

316 2349 338 2382 J
343 2356 509 2383 OANNES
536 2347 713 2386 Duraeus‚
740 2346 928 2381 Societatis
954 2345 1042 2379 Jesu
1069 2346 1256 2392 presbyter
1278 2347 1359 2392 pius
1384 2359 1423 2382 ac
1446 2348 1582 2387 doctus,
1609 2358 1713 2392 quem
1769 2378 1780 2392 ,

317 2408 429 2441 miror
448 2405 725 2440 Ribadeneiram
743 2404 915 2444 omisisse,
934 2415 1015 2438 eum
1034 2404 1125 2438 tanti
1144 2405 1310 2445 nominis,
1329 2404 1456 2445 famae,
1477 2416 1517 2439 ac
1536 2405 1716 2440 doctrinae

319 2476 391 2499 non
409 2464 589 2498 debuisset
608 2463 782 2498 oblivisci.
834 2461 1002 2497 Meminit
1022 2460 1266 2497 Bibliothecae
1284 2462 1460 2498 Classicae
1479 2468 1602 2497 auctor
1618 2462 1715 2507 pagi-
