2032 2912
681 338 856 372 GENTIS
880 339 1156 379 SCOTORUM,
1180 340 1268 373 LIB.
1289 341 1366 373 VII.
1655 343 1717 373 315

340 434 377 466 in
395 443 435 466 ea
453 432 706 468 testimoniales
725 433 874 468 Gerardi
892 434 1022 473 literaS,
1049 433 1241 478 pontificali
1267 436 1379 480 ipsius
1404 435 1521 482 sigillo
1539 437 1716 470 munitas:

339 491 507 534 reliquiae
525 490 791 534 conspiciuntur
808 491 846 524 in
864 502 966 525 muro
983 502 1046 535 per
1062 490 1194 525 ferreos
1220 493 1422 526 cancellos.”
1449 492 1612 527 Historia
1637 494 1716 527 Sco-

340 549 409 582 tica
423 547 500 581 MS.
516 547 610 592 apud
624 547 825 582 Gilbertum
844 547 1007 582 Brunum
1025 559 1106 593 pag.
1126 557 1236 582 XCVI.
1255 550 1334 583 vult
1351 550 1463 590 illum,
1483 555 1503 569 ‘⁶
1522 552 1716 596 relegatum

339 617 360 639 a
384 616 467 651 rege
492 609 593 649 patre
619 609 764 649 propter
787 604 868 638 fidei
887 604 1089 639 Catholicae
1114 606 1378 650 professionem,
1404 608 1441 641 in
1466 608 1637 642 Flandria
1653 609 1717 642 mi·

338 673 461 709 grasse
479 662 524 695 ad
541 662 725 696 dominum
741 662 771 702 ;’'
797 662 893 706 quod
918 661 1083 695 credibile
1108 673 1179 696 non
1205 667 1268 703 est,
1295 665 1390 708 quod
1416 675 1502 698 aevo
1519 665 1579 699 illo
1597 676 1717 699 omnes

338 719 475 754 Scotiae
492 730 593 765 reges
612 718 788 753 ferventes
807 729 910 753 verae
927 719 1069 763 pietatis
1087 719 1239 754 cultores
1265 725 1402 754 essent:
1428 722 1546 765 potius
1570 722 1717 756 inducor

337 782 379 811 ut
396 776 536 810 credam
554 788 576 810 a
592 775 756 811 Donaldo
774 775 843 810 ΙΙΙ.
862 781 1016 821 tyranno
1034 776 1078 809 ad
1095 780 1246 810 mortem
1264 778 1427 822 petitum,
1455 779 1568 812 solum
1595 779 1717 813 vertis-

337 845 385 875 se,
405 834 463 868 hic
481 834 575 868 enim
593 834 701 880 hujus
719 833 929 868 successioni
947 833 1070 867 hostis.
1121 832 1223 867 Nihil
1241 845 1386 879 operum
1404 839 1512 876 extat,
1531 846 1594 869 nec
1616 837 1718 881 quip-

337 893 431 936 piam
451 891 632 936 scripsisse
649 895 880 935 compertum.

385 948 503 983 Natus
521 959 614 983 anno
631 957 830 982 ccxnvm.
849 947 1030 992 depositus
1047 956 1212 983 ccxe1x.
1230 948 1305 983 dies
1323 949 1500 990 incertus;
1526 951 1717 985 translatus

339 1015 399 1040 111.
418 1006 442 1040 J
444 1006 507 1040 ulii
522 1016 532 1046 ;
559 1006 724 1040 visitatae
742 1006 912 1051 reliquiae
929 1014 955 1040 1.
974 1005 1151 1047 Octobris,
1169 1010 1211 1041 ut
1227 1016 1338 1051 supra
1353 1017 1397 1041 ex
1413 1006 1501 1042 actis
1518 1007 1717 1052 probatum.

829 1120 865 1155 S.
893 1120 1095 1156 GHILLO.
1146 1123 1230 1155 585.

335 1237 370 1271 S.
391 1237 567 1278 GmLLo,
584 1235 741 1271 famulus
759 1235 795 1270 S.
814 1235 1022 1283 Guthagoni
1039 1236 1221 1282 principis,
1247 1240 1310 1270 aut
1327 1235 1565 1283 Guidulphus,
1591 1243 1633 1273 ut
1653 1237 1720 1273 Lo-

336 1295 440 1335 crius,
461 1300 497 1329 et
514 1294 683 1340 Meyerus
704 1294 765 1328 lib.
784 1302 822 1328 v.
842 1293 973 1328 Annal.
1001 1298 1037 1328 et
1061 1294 1137 1338 ipse
1162 1294 1299 1334 Scotus,
1324 1305 1406 1328 cum
1433 1294 1576 1329 domino
1601 1295 1720 1330 Scotia

335 1363 508 1398 egressus,
526 1362 606 1386 cum
625 1351 746 1385 eodem
764 1362 884 1385 amore
902 1350 1037 1385 Christi
1054 1352 1274 1398 peregrinus,
1300 1362 1382 1385 cum
1407 1352 1529 1386 eodem
1552 1352 1591 1386 in
1616 1351 1720 1387 Oest-

335 1410 442 1444 kirka
463 1409 657 1454 depositus,
686 1413 708 1428 “
733 1413 769 1443 et
797 1409 859 1453 qui
885 1409 998 1442 eidem
1024 1413 1145 1443 sancto
1171 1409 1286 1442 adhuc
1311 1408 1479 1448 viventi,'‘
1505 1409 1613 1443 verba
1637 1414 1721 1444 sunt

336 1466 473 1501 Molani
499 1468 575 1501 loco
600 1466 756 1506 laudato,
787 1470 809 1485 “
836 1465 1046 1499 familiarius
1076 1465 1293 1506 adhaeserat,
1320 1465 1365 1499 ab
1391 1476 1431 1499 eo
1452 1466 1530 1511 jam
1555 1465 1721 1501 defuncto

334 1525 439 1559 avelli
457 1535 528 1558 non
546 1523 674 1568 potuit,
693 1523 755 1568 qui
774 1523 880 1557 etiam
900 1522 1056 1556 creditur
1072 1527 1153 1567 post
1169 1527 1320 1557 mortem
1337 1522 1517 1557 miraculis
1531 1524 1720 1567 claruisse;

334 1593 416 1616 nam
435 1586 594 1626 tempore
620 1579 796 1626 Gregorii,
821 1579 935 1613 curati
961 1579 1076 1614 dictae
1101 1580 1275 1620 eeclesiae,
1302 1580 1364 1625 qui
1391 1584 1512 1624 postea
1537 1580 1574 1614 in
1600 1582 1722 1616 ordine

333 1639 617 1683 praedicatorum
648 1642 767 1671 sancte
793 1636 895 1677 vixit,
925 1647 1070 1670 manum
1099 1637 1235 1671 aridam
1261 1637 1400 1670 cuidam
1425 1637 1502 1682 ejus
1527 1638 1722 1673 misericor-

333 1697 428 1730 diam
447 1695 653 1739 imploranti
672 1694 831 1728 restituit
846 1703 855 1727 :
879 1693 974 1727 unde
993 1694 1108 1728 dictus
1126 1693 1320 1740 Gregorius
1338 1694 1525 1728 metricum
1543 1695 1694 1740 scripsit,

635 1749 789 1778 Contracto
803 1747 903 1777 Ghillo
917 1748 971 1777 scit
984 1758 1066 1787 opem
1081 1749 1208 1778 conferre
1221 1747 1339 1787 pugillo.

334 1808 385 1843 Et
403 1808 515 1853 ipsius
532 1817 660 1851 corpus
677 1807 715 1840 in
732 1811 827 1841 terra
849 1806 1012 1841 mansit.”
1065 1806 1148 1841 Huc
1171 1817 1285 1851 usque
1310 1806 1379 1840 ille.
1430 1806 1551 1842 Simile
1577 1809 1720 1843 omnino

334 1866 484 1912 contigit
516 1865 554 1899 in
579 1864 811 1898 translatione
841 1863 1066 1909 Margaretae
1092 1864 1245 1910 reginae,
1275 1869 1316 1898 ut
1347 1863 1431 1898 alibi
1461 1864 1606 1906 dictum,
1637 1877 1718 1900 nam

334 1925 370 1958 S.
391 1923 604 1957 Malcolmus
622 1921 773 1955 maritus
793 1921 837 1955 ab
855 1932 896 1955 eo
914 1922 1018 1955 avelli
1036 1932 1107 1955 non
1126 1921 1256 1965 potuit.

383 1980 576 2025 Depositus
607 1990 700 2014 anno
727 1987 891 2012 ccxmx.
919 1979 1046 2012 colitur
1071 1979 1230 2012 visitatio
1257 1978 1313 2012 die
1341 1989 1419 2012 cum
1447 1979 1516 2013 alio
1541 1981 1717 2013 communi

336 2049 360 2073 1.
380 2038 506 2073 Octob.
557 2037 617 2071 Ex
634 2037 690 2071 his
708 2041 872 2080 apertum
889 2047 978 2076 reor,
997 2047 1068 2070 non
1085 2036 1160 2070 sine
1177 2036 1351 2069 maximae
1376 2036 1612 2080 improbitatis
1636 2042 1721 2071 nota

334 2096 505 2141 quosdam
542 2094 762 2128 mendicitati
798 2093 949 2133 innatos,
991 2093 1055 2127 hos
1090 2094 1179 2127 duos
1213 2092 1334 2127 Scotos
1368 2098 1506 2127 sanctos
1546 2105 1630 2129 suae
1667 2106 1720 2129 as-

334 2155 467 2188 cribere
498 2152 646 2197 patriae,
677 2162 758 2186 cum
788 2151 907 2184 nullus
937 2151 975 2184 in
1006 2150 1196 2184 Hirlandia
1223 2149 1425 2184 Catholicus
1455 2155 1517 2185 aut
1550 2150 1721 2186 Christia-

336 2223 414 2252 nus,
432 2211 545 2245 bonus
563 2214 626 2244 aut
643 2209 769 2248 malus,
795 2208 993 2242 haereticus
1019 2212 1082 2242 aut
1108 2207 1363 2247 schismaticus,
1389 2218 1464 2241 mas
1491 2212 1554 2241 aut
1578 2207 1720 2248 femina,

336 2279 424 2314 puer
442 2273 505 2302 aut
521 2277 639 2306 senex,
658 2266 720 2311 qui
739 2275 859 2300 veram
885 2265 1054 2309 pietatem
1077 2264 1327 2309 profiteretur;
1355 2265 1506 2309 denique
1531 2276 1611 2299 cum
1635 2270 1721 2299 tunc

333 2326 475 2372 quidem
511 2336 555 2359 ne
588 2334 718 2358 nomen
748 2322 882 2357 Christi
917 2333 957 2356 ea
990 2323 1028 2356 in
1061 2323 1178 2356 insula
1207 2322 1380 2361 auditum,
1412 2322 1483 2356 imo
1513 2333 1557 2356 ne
1587 2324 1718 2357 multos

334 2389 413 2430 post
444 2383 571 2417 horum
602 2385 803 2426 martyrum
831 2379 1086 2424 depositionem
1116 2390 1227 2414 annos
1256 2380 1329 2414 ulla
1358 2379 1499 2422 penitus
1534 2380 1581 2414 sit
1617 2391 1721 2414 evan-

333 2441 416 2489 gelii
445 2440 601 2476 mentio:
638 2438 825 2483 siquidem,
859 2436 896 2471 S.
932 2436 1109 2471 Patricius
1140 2436 1266 2471 scotus
1296 2447 1378 2471 cum
1412 2435 1639 2471 Hirlandiam
1668 2437 1721 2470 in-
