2032 2912
297 308 359 338 182
684 303 916 336 HISTORIA
942 301 1317 335 ECCLESIASTICA

589 455 918 491 ALEXANDER
944 455 1259 490 COCBURNUS.
1313 457 1396 490 318.

296 576 570 609 ALEXANDER
587 572 808 613 Cocburnus,
835 572 945 606 nobili
970 573 1140 606 comitum
1164 572 1454 606 Bothuelliorum
1480 571 1618 606 familia
1642 582 1699 604 or-

297 637 367 672 tus,
385 636 530 676 patrum
547 631 720 665 memoria
737 630 847 664 bonas
866 634 961 664 artes
980 629 1146 664 Lutetiae
1164 630 1409 675 profitebatur.
1462 629 1613 674 Scripsit

443 689 658 723 Academiae
676 688 891 722 Parisiensis
910 687 1052 722 Laudes
1342 688 1403 722 lib.
1424 697 1449 722 Ι.

443 747 499 781 De
518 746 675 781 Foedere
694 747 788 780 inter
806 745 964 780 Francos
983 749 1018 779 et
1037 744 1159 779 Scotos
1343 746 1404 780 lib.
1427 755 1452 779 1.

444 805 500 840 De
518 805 752 849 Philosophia
770 804 980 839 Orationem
1343 804 1404 837 lib.
1425 813 1450 836 1.

345 864 446 899 Obiit
464 875 558 899 anno
577 872 704 898 MDIII.

592 977 921 1013 ALEXANDER
946 976 1262 1012 COCBURNUS.
1316 979 1399 1015 319.

295 1097 570 1131 ALEXANDER
588 1095 798 1130 Cocburnus
817 1094 919 1134 alius,
939 1097 974 1128 et
991 1093 1067 1138 ipse
1085 1093 1309 1128 nobilissima
1321 1093 1460 1127 familia
1475 1097 1586 1132 ortus,
1597 1092 1702 1137 juve-

293 1156 349 1190 nis
367 1155 551 1189 meliorem
570 1153 739 1198 Europae
757 1156 897 1197 partem
916 1151 1076 1186 discendi
1094 1151 1214 1185 studio
1231 1151 1452 1197 peragravit,
1476 1150 1589 1195 proba
1615 1150 1701 1188 vita,

294 1219 330 1249 et
360 1224 509 1248 amoeno
539 1212 697 1259 ingenio.
755 1211 945 1245 Laudatur
972 1221 993 1244 a
1019 1214 1124 1254 poeta
1150 1208 1267 1250 Scoto,
1294 1214 1481 1254 poetarum
1509 1209 1564 1242 sui
1593 1208 1701 1242 seculi

292 1272 463 1316 principe,
481 1271 541 1306 lib.
563 1280 605 1305 11.
625 1270 890 1316 Epigrammat.

559 1385 668 1413 Omnia
682 1395 756 1423 quae
769 1384 855 1422 longa
869 1382 1003 1421 indulget
1017 1381 1187 1410 mortalibus
1202 1387 1291 1415 aetas,

598 1432 681 1461 Haec
696 1432 761 1466 tibi,
776 1431 953 1464 Alexander,
969 1430 1062 1469 prima
1072 1429 1197 1467 juventa
1213 1428 1302 1458 dedit.

561 1481 635 1509 Cum
649 1489 754 1518 genere
768 1484 798 1508 et
814 1479 905 1507 forma
920 1487 1056 1516 generoso
1070 1482 1224 1506 stemmate
1238 1476 1335 1515 digna,

603 1527 759 1566 Ingenium
774 1526 868 1560 velox,
883 1526 1102 1564 ingenuumque
1116 1525 1253 1553 animum.

562 1575 700 1604 Excoluit
714 1574 808 1603 virtus
822 1574 962 1606 animum,
977 1572 1185 1611 ingeniumque
1201 1572 1361 1600 Camoenae

600 1622 750 1656 Successu,
766 1621 871 1655 studio,
887 1620 1062 1658 consilioque
1075 1619 1146 1658 pari.

564 1670 621 1698 His
636 1670 757 1698 ducibus
772 1669 899 1708 primum
914 1672 1065 1706 peragrata
1080 1666 1241 1701 Britannia,
1256 1665 1361 1695 deinde

602 1717 708 1751 Gallia,
724 1716 760 1745 ad
774 1715 922 1744 armiferos
936 1725 993 1754 qua
1006 1719 1088 1753 patet
1104 1714 1257 1742 Helvetios
1269 1725 1275 1742 ε

562 1765 675 1794 Doctus
688 1764 730 1793 ibi
744 1764 858 1802 linguas
872 1773 942 1802 quas
958 1763 1057 1796 Roma,
1075 1761 1152 1795 Sion,
1168 1767 1198 1790 et
1212 1761 1357 1794 Athenae,

601 1812 683 1848 Quas
697 1822 761 1840 cum
779 1811 924 1840 Germano
939 1809 1038 1839 Gallia
1052 1809 1135 1838 docta
1148 1814 1238 1838 sonat.

565 1861 609 1889 Te
623 1860 691 1889 licet
705 1860 736 1888 in
750 1859 844 1899 prima
857 1863 1017 1897 rapuerunt
1033 1858 1094 1886 fata
1104 1857 1237 1895 juventa,

608 1908 675 1936 Non
689 1907 843 1935 immaturo
858 1907 960 1934 funere
974 1910 1075 1944 raptus
1089 1904 1158 1933 obis.

566 1955 711 1984 Omnibus
725 1954 823 1983 officiis
836 1953 914 1982 vitae
928 1953 978 1992 qui
991 1953 1111 1981 functus
1124 1952 1224 1985 obivit,

605 2003 671 2032 Non
687 2008 732 2032 est
747 2003 789 2031 fas
803 2001 881 2030 vitae
895 2000 931 2030 de
946 2000 1089 2030 brevitate
1103 1999 1195 2038 queri.

309 2114 514 2147 Praecocem
535 2113 612 2159 ejus
631 2111 768 2146 obitum
787 2115 823 2145 et
841 2108 1006 2144 acerbum
1023 2107 1133 2142 funus
1152 2107 1247 2142 idem
1265 2107 1427 2152 deplorat
1446 2107 1505 2141 lib.
1527 2106 1677 2141 Miscell.

574 2225 699 2264 lngratis
712 2221 816 2254 Vexata
828 2224 978 2253 hominum
994 2223 1107 2252 Natura
1121 2222 1256 2261 querelis,

614 2273 654 2302 Et
668 2272 776 2302 sterilis
789 2272 871 2302 lassis
884 2271 994 2300 credita
1008 2270 1173 2303 visceribus,

575 2321 757 2349 Cocburnum
771 2320 801 2348 in
817 2320 911 2349 lucem
926 2319 1017 2352 dedit,
1032 2323 1061 2347 et
1076 2317 1148 2347 rude
1162 2318 1268 2356 pignus
1282 2317 1417 2347 alendum

616 2368 819 2407 Mnemosynes
833 2368 909 2396 natis
923 2366 1055 2400 credidit,
1071 2371 1100 2395 et
1116 2365 1238 2404 Sophiae
1252 2376 1258 2393 :
