2032 2912
682 337 857 369 GENTIS
883 337 1158 376 SCOTORUM‚
1184 338 1272 370 Llss.
1297 338 1374 369 VlI.
1658 339 1717 369 331

702 489 765 523 PE
770 489 902 524 TRUS
927 489 1214 525 GRYNAEUS.
1267 489 1349 525 621.

335 604 496 639 PETRUS
515 604 702 650 Grynaeus
721 606 921 640 adolescens
935 605 1103 640 societati
1116 606 1203 641 Jesu
1221 618 1350 641 nomen
1368 608 1475 648 dedit,
1494 608 1531 641 in
1549 618 1620 651 qua
1638 617 1717 640 cum

332 663 501 706 pietatem
526 662 718 697 eruditioni
742 664 996 709 conjunxisset,
1020 664 1254 698 clarissimum
1281 665 1325 699 ab
1349 665 1491 712 ingenio
1513 676 1641 699 nomen
1666 670 1718 698 est

332 720 492 764 adeptus.
547 719 675 760 Edere,
694 725 736 755 ut
754 721 871 761 audio,
889 726 992 766 parat

479 778 534 812 De
552 777 667 812 Scotis
686 779 817 812 sanctis
1222 780 1281 814 lib.
1303 790 1327 814 1.

482 836 537 870 De
555 835 669 871 Scotis
688 836 927 881 Scriptoribus
1221 838 1281 872 lib.
1302 848 1325 872 1.

479 893 534 928 De
551 893 665 928 Scotis
683 894 775 928 bello
793 893 992 928 illustribus
1220 896 1281 930 lib.
1302 905 1326 930 1.

381 950 483 985 Vivit
501 951 617 986 adhue
634 952 672 985 in
691 951 850 992 Polonia,
869 956 910 986 ut
927 956 1026 996 puto,
1044 957 1107 986 aut
1125 952 1326 993 Germania,
1345 954 1469 1000 ingens
1487 954 1622 998 patriae
1636 964 1718 988 suae

330 1010 434 1043 decus
453 1014 527 1043 tam
546 1009 649 1043 claris
667 1009 808 1054 scriptis
827 1010 1021 1050 allaturus3
1049 1010 1140 1045 faxit
1157 1011 1255 1045 Deus
1277 1022 1384 1056 quam
1409 1011 1576 1045 citissime
1602 1022 1719 1055 spera·

331 1072 402 1101 tam
439 1067 571 1101 famam
608 1067 703 1101 edito
741 1078 845 1111 opere
880 1074 1126 1112 consequatur.
1178 1068 1259 1114 Ego
1289 1069 1412 1103 lubens
1443 1070 1481 1103 in
1511 1069 1577 1103 hoc
1607 1080 1718 1114 agone

331 1125 491 1169 superari
509 1130 639 1169 optem,
660 1125 716 1158 cui
734 1124 772 1158 in
790 1125 883 1158 votis
901 1124 967 1158 hoc
984 1136 1095 1159 unum
1115 1137 1252 1171 semper
1270 1127 1337 1161 erit
1355 1127 1507 1171 patriam
1530 1127 1660 1167 ornari,
1684 1131 1719 1161 et

330 1183 441 1217 vitam
464 1183 694 1222 merentibus,
721 1183 828 1228 longa
853 1187 1053 1227 temporum
1072 1184 1206 1229 injuria
1223 1185 1383 1229 sepultis,
1410 1184 1596 1225 redonari3
1624 1185 1717 1229 quod

330 1251 400 1274 non
419 1240 463 1274 ab
480 1240 550 1274 alio
568 1240 682 1286 magis
701 1240 927 1285 sperandum,
946 1251 1054 1286 quam
1073 1252 1094 1275 a
1112 1241 1289 1286 Grynaeo.

677 1355 701 1389 J
703 1355 901 1390 ACOBUS
927 1355 1235 1392 GORDONIUS.
1288 1357 1371 1393 622.

330 1472 354 1505 J
356 1481 511 1507 ACOBUS
530 1472 746 1514 Gordonius‚
765 1473 980 1507 marchionis
1007 1472 1180 1507 Huntlaei
1204 1478 1365 1518 patruus,
1392 1474 1430 1507 in
1447 1473 1620 1508 Societate
1637 1471 1660 1505 J
1662 1483 1723 1506 esu

330 1531 432 1565 annis
452 1540 488 1564 L.
507 1531 611 1571 vixit,
631 1542 762 1577 magna
779 1531 824 1565 ab
842 1531 987 1577 ingenio
1003 1536 1107 1575 parta
1124 1530 1242 1572 fama;
1263 1531 1326 1576 qui
1344 1531 1435 1565 nihil
1452 1531 1590 1575 publice
1607 1530 1724 1574 priva-

331 1589 467 1632 timque
493 1589 626 1628 omisit,
652 1600 724 1633 quo
750 1588 903 1633 hydram
927 1588 1110 1623 haereseos
1136 1587 1341 1633 pestiferam
1368 1589 1405 1622 in
1436 1588 1552 1633 patria
1582 1597 1724 1621 nascen-

329 1651 401 1680 tem
429 1647 519 1680 alter
547 1645 719 1679 Hercules
746 1645 952 1685 conficeret3
985 1645 1051 1679 hoc
1078 1646 1136 1679 ille
1161 1646 1308 1679 unicum
1333 1658 1355 1680 a
1380 1645 1457 1680 Deo
1482 1650 1536 1679 tot
1562 1645 1722 1679 laborum

331 1704 529 1747 praemium
560 1704 755 1747 exoptavit,
787 1708 826 1736 ut
858 1702 963 1736 fidem
995 1702 1215 1737 Catholicam
1252 1703 1432 1749 vigentem
1466 1703 1504 1737 in
1538 1715 1578 1737 eo
1613 1713 1722 1747 regno

332 1762 480 1801 videret,
508 1761 579 1794 huc
609 1760 820 1795 immensam
847 1759 1022 1794 scribendi
1048 1760 1266 1805 docendique
1292 1761 1563 1795 sollicitudinem
1590 1759 1722 1798 retulit,

331 1824 372 1853 ut
398 1819 587 1863 populares
615 1829 698 1852 suos
724 1829 745 1851 a
762 1817 917 1852 tenebris
944 1818 1137 1861 impietatis
1163 1818 1201 1851 in
1226 1823 1385 1862 apertam
1411 1818 1584 1863 evangelii
1610 1818 1723 1850 lucem

331 1877 565 1921 pertraheret.
633 1875 880 1910 Incredibilem
911 1876 1007 1910 illius
1037 1875 1205 1919 pietatem
1240 1880 1275 1910 et
1303 1876 1536 1910 eruditionem
1571 1875 1609 1908 in
1643 1873 1723 1907 Sco-

332 1935 393 1975 tia,
417 1939 606 1978 praesente
630 1945 724 1980 rege,
750 1933 948 1968 exhibitam
972 1944 1052 1966 cum
1082 1933 1264 1967 haereseos
1291 1932 1507 1972 confusione,
1534 1932 1640 1966 habet
1665 1931 1721 1965 Jo.

333 1992 487 2026 Boterus
516 1992 633 2026 Relat.
666 1996 757 2037 part.
793 2000 853 2025 111.
885 1991 945 2025 lib.
979 2000 1003 2024 Ι.
1035 2002 1115 2036 pag.
1149 1999 1265 2024 LVIII.
1317 1990 1446 2024 Incidit
1476 2001 1517 2024 ea
1546 1988 1722 2023 sathanae

332 2049 536 2096 profligatio
563 2050 600 2084 in
633 2061 767 2084 annum
798 2057 974 2083 MDXCIV.
1028 2048 1176 2082 Henrici
1203 2048 1266 2083 IV.
1296 2048 1491 2082 Galliarum
1520 2048 1613 2094 regis
1644 2058 1723 2081 cau-

334 2119 409 2142 sam
444 2107 581 2142 Romae
612 2108 770 2142 animose
802 2108 887 2153 egit,
919 2107 1101 2151 multaque
1129 2106 1172 2140 de
1198 2106 1361 2141 ecclesiae
1387 2105 1588 2140 Gallicanae
1613 2094 1747 2149 privi-'

335 2165 437 2211 legiis
455 2166 635 2200 disseruit.
677 2164 827 2209 Scripsit
844 2176 928 2198 vero
946 2175 1086 2199 summa
1104 2164 1301 2199 eruditione
1318 2164 1432 2197 multa
1449 2174 1565 2207 opera,
1580 2162 1640 2197 sed
1658 2173 1723 2207 ego

336 2227 477 2257 tantum
496 2223 570 2257 vidi

485 2280 670 2315 Summam
689 2280 847 2315 Casuum
867 2280 1112 2315 Conscientiae
1322 2280 1383 2314 lib.
1404 2289 1428 2314 1.

485 2338 720 2385 Theologiam
738 2338 930 2383 positivam
946 2359 952 2364 -
1321 2337 1381 2372 lib.
1402 2347 1427 2371 1.

487 2395 822 2431 Controversiarum
840 2396 952 2430 nostri
971 2395 1085 2430 Seculi
1323 2400 1409 2429 tom.
1429 2404 1454 2429 1.

487 2453 821 2489 controversiarum
1327 2458 1413 2488 tom.
1434 2461 1475 2486 11.
