2032 2912
357 317 422 348 302
743 313 977 347 HISTORIA
1000 313 1377 348 ECCLESIASTICA

360 412 411 446 ait
435 411 540 446 Joan.
565 410 736 445 Leslaeus
761 409 823 444 lib.
844 418 898 444 IV.
926 409 1024 445 Hist.
1052 409 1148 445 Scot.
1174 421 1257 457 pag.
1285 418 1427 444 CXLIV.
1454 414 1492 445 at
1517 408 1760 445 Demochares

360 475 445 504 tom.
478 478 521 503 11.
553 467 678 502 Sacrif.
714 467 817 502 Miss.
855 479 931 513 cap.
964 476 1050 502 XIV.
1087 468 1268 503 antistites
1304 467 1527 503 Rhemenses
1561 474 1760 509 enumerat,

360 528 490 562 omisso
508 527 581 561 illo.
626 526 733 561 Hect.
752 526 881 561 Boeth.
900 526 962 561 lib.
978 535 1035 560 IX.
1055 525 1195 560 Histor.
1216 526 1311 561 Scot.
1326 537 1409 572 pag.
1427 534 1572 560 CLVIII.
1593 531 1614 545 ‘⁶
1629 525 1764 560 Gibiri-

357 596 425 619 nus
443 589 597 625 nostras,
615 584 673 619 vir
690 585 825 631 insigni
847 585 992 630 pietate,
1017 585 1080 629 qui
1102 584 1327 619 ethnicorum
1350 585 1388 618 in
1409 584 1567 619 Albione
1588 584 1762 630 injuriam

358 642 537 676 declinans
556 653 638 677 cum
655 642 842 683 fratribus,
869 653 909 677 ac
931 643 1041 677 etiam
1066 642 1258 683 sororibus,
1285 654 1375 688 quas
1402 643 1524 677 eadem
1551 643 1589 677 in
1616 642 1763 676 Christo

357 704 520 734 moverat
543 700 710 741 charitas,
737 701 939 736 transmisit
960 701 999 735 in
1025 699 1191 742 Galliam,
1220 701 1283 735 ubi
1310 699 1550 735 Rhemensem
1577 700 1761 734 civitatem

357 758 453 792 vitae
471 758 718 799 sanctimonia,
737 763 774 793 et
790 759 972 793 miraculis
991 759 1167 793 ornavit.'’
1203 758 1394 793 Flodoard.
1414 757 1609 803 Presbyter
1626 757 1687 791 lib.
1704 764 1759 790 IV.

358 815 496 850 Histor.
516 814 651 850 Eccles.
671 815 846 851 Rhemen.
865 827 941 861 cap.
961 825 1019 851 Ix.
1047 821 1069 836 “
1086 816 1218 851 Delata
1243 820 1329 850 sunt
1354 816 1399 850 ad
1426 816 1608 850 ecclesiam
1631 815 1667 849 S.
1691 814 1760 850 Re-

354 873 457 920 migii
474 874 635 909 membra
652 874 688 909 S.
708 873 872 909 Gibriani
891 886 912 908 a
929 885 1022 920 pago
1040 873 1306 913 Catalaunensi‚
1328 873 1388 908 ubi
1409 873 1659 918 peregrinatus
1677 883 1759 907 nos-

355 932 459 973 citur,
478 937 514 966 et
531 932 725 973 humatus3
753 933 973 967 advenerant
991 932 1167 977 siquidem
1186 932 1231 966 ab
1250 931 1428 965 Hibernia
1445 931 1484 964 in
1501 930 1594 964 hanc
1610 930 1759 975 provin—

356 990 447 1024 ciam
473 996 608 1034 septem
634 990 765 1024 fratres
783 990 1083 1036 peregrinationis
1105 990 1150 1024 ob
1176 1001 1347 1029 amorem,
1375 988 1512 1022 Christi
1530 988 1672 1034 gratia3
1700 987 1759 1022 hic

354 1048 488 1082 scilicet
505 1048 711 1089 Gibrianus,
732 1048 906 1089 Tesanus,
926 1047 1121 1088 Tresanus,
1140 1046 1353 1088 Germanus,
1371 1046 1548 1087 veranus,
1574 1046 1758 1086 Abranus,

354 1105 542 1147 Petranus,
562 1117 644 1140 cum
663 1106 778 1141 tribus
797 1106 978 1141 sororibus
996 1106 1083 1148 suis,
1104 1106 1261 1147 Franda,
1286 1105 1485 1150 Promptia,
1504 1109 1540 1139 et
1559 1105 1755 1144 Possenna,

353 1165 523 1211 eligentes
550 1164 618 1198 sibi
646 1175 754 1209 super
783 1163 936 1199 fluvium
965 1165 1111 1199 nomine
1137 1164 1345 1199 Matronam
1372 1168 1575 1208 opportuna
1602 1162 1755 1209 degendi

351 1223 438 1263 loca,
457 1234 610 1268 quorum
629 1223 687 1257 hic
704 1222 912 1263 Gibrianus‚
931 1227 1076 1257 sanctus
1101 1223 1275 1262 sacerdos,
1301 1221 1481 1267 quendam
1507 1221 1627 1255 vicum
1647 1221 1756 1267 elegit

351 1280 397 1313 ad
414 1280 662 1322 habitandum,
681 1280 783 1315 Colla
800 1285 979 1321 vocatum,
1005 1281 1068 1315 ubi
1094 1279 1258 1325 pluribus
1284 1289 1461 1313 annorum
1488 1278 1674 1312 curriculis
1702 1288 1757 1312 so-

351 1337 438 1379 brie,
452 1338 562 1384 juste,
581 1339 709 1384 pieque
726 1339 864 1379 vivens,
882 1349 996 1384 usque
1014 1339 1059 1373 ad
1073 1338 1212 1373 exitum
1224 1338 1331 1378 vitae,
1345 1336 1479 1371 bonum
1491 1336 1632 1372 studuit
1645 1340 1757 1371 certa-

350 1406 434 1430 men
451 1400 609 1438 certare3
638 1397 741 1442 cujus
767 1408 895 1442 corpus
921 1398 1078 1441 primum
1104 1397 1237 1431 dicitur
1258 1396 1367 1442 juxta
1384 1406 1552 1441 aggerem
1569 1394 1754 1439 publicum

352 1454 565 1499 sepultum.’‘
623 1453 717 1488 Vide
743 1465 834 1500 quae
861 1459 1072 1499 sequuntur.
1135 1454 1298 1501 Injurius
1324 1459 1378 1488 est
1404 1453 1628 1488 Flodoardus
1654 1454 1755 1498 genti

352 1517 507 1553 nostrae,
526 1512 613 1546 dum
632 1517 796 1547 sanctum
814 1513 912 1547 hunc
937 1513 1040 1548 nobis
1066 1513 1275 1557 ademptum
1301 1511 1474 1545 Hibernis
1500 1511 1636 1552 donat3
1664 1510 1755 1545 falso

351 1582 446 1610 sane,
465 1581 548 1604 nam
563 1575 705 1615 praeter
722 1571 886 1605 laudatos
901 1570 1108 1617 Sigebertus
1124 1570 1406 1605 Gemblacensis:
1427 1573 1449 1588 ‘⁶
1463 1567 1658 1603 Gibrianus
1673 1568 1754 1603 Sco·

350 1635 422 1670 tus,
441 1639 522 1663 cum
540 1627 715 1662 fratribus
734 1633 770 1662 et
787 1628 969 1663 sororibus
991 1629 1029 1664 in
1053 1628 1207 1663 Galliam
1226 1627 1487 1674 peregrinatuS,
1513 1626 1640 1660 urbem
1657 1626 1754 1661 Rhe-

348 1698 507 1722 mensem
526 1686 602 1720 vita
620 1691 655 1720 et
673 1691 788 1720 morte
805 1697 872 1721 sua
888 1686 1078 1721 illustrat.'’
1130 1686 1224 1720 Tam
1243 1685 1390 1720 celebris
1414 1685 1530 1719 sancti
1552 1685 1690 1719 nullam
1714 1685 1753 1720 in

349 1744 612 1791 Martyrologio
630 1743 796 1779 Romano
814 1744 889 1779 fieri
907 1745 1137 1786 mentionem,
1154 1744 1288 1778 mirum
1307 1743 1422 1778 videri
1439 1746 1592 1788 poterat,
1619 1742 1691 1777 nisi
1717 1748 1753 1777 et

348 1804 410 1837 alii
436 1807 554 1837 essent
579 1803 834 1847 praetermissi.
887 1803 1058 1838 Meminit
1082 1807 1204 1838 tamen
1230 1801 1398 1836 Molanus
1424 1801 1463 1835 in
1488 1799 1678 1835 Addition.
1706 1801 1752 1835 ad

348 1860 505 1895 Usuard.
534 1860 852 1906 Martyrologium,
880 1861 1016 1896 Molan.
1048 1861 1105 1896 die
1132 1869 1222 1894 VIII.
1250 1859 1352 1900 Maii,
1381 1870 1452 1905 quo
1478 1869 1607 1904 corpus
1634 1860 1748 1894 sancti

347 1920 575 1953 translatum.
628 1917 722 1964 Ejus
740 1924 843 1954 erant
860 1921 975 1954 multa
992 1920 1136 1964 scripta,
1154 1919 1215 1953 sed
1234 1922 1334 1953 extat
1351 1922 1495 1953 tantum

496 1976 663 2021 Epistola
680 1977 723 2011 de
741 1975 1046 2024 Peregrinationis
1064 1977 1168 2012 Bono
1391 1975 1453 2010 lib.
1474 1984 1500 2010 1.

398 2034 568 2070 Florebat
587 2045 681 2069 anno
702 2043 790 2070 mx.
809 2041 851 2071 ut
869 2035 1055 2083 Sigeberto
1073 2035 1204 2076 visum,
1233 2035 1291 2069 vel
1316 2044 1411 2069 anno
1429 2041 1568 2069 DXXII.
1594 2038 1637 2069 ut
1658 2032 1750 2069 Boe-

346 2094 424 2129 thio
442 2093 568 2138 placet.

792 2210 828 2245 S.
856 2209 1161 2246 GLACIANUS.
1214 2208 1298 2244 561.

347 2332 368 2347 “
387 2324 424 2360 S.
443 2323 700 2369 GLACIANUs,
722 2328 850 2374 etipse
870 2328 1020 2363 antistes
1046 2327 1223 2374 egregius,
1250 2337 1324 2360 non
1350 2326 1427 2360 sine
1453 2324 1656 2360 sanctitatis
1684 2335 1747 2358 no·

347 2384 444 2419 mine
461 2387 497 2417 et
516 2383 681 2427 opinione
699 2385 853 2427 doctor,”
880 2386 931 2421 ait
954 2385 1003 2421 H.
1023 2386 1198 2420 Boethius
1222 2385 1283 2419 lib.
1305 2393 1344 2419 X.
1368 2395 1451 2431 pag.
1472 2392 1581 2418 CXCI.
1635 2381 1745 2415 Hunc

345 2446 383 2480 in
420 2444 483 2481 SS.
515 2445 635 2481 album
667 2446 819 2480 relatum
846 2445 967 2491 prodit
994 2444 1198 2484 FordunuS,
1225 2443 1286 2478 sed
1313 2442 1398 2488 quia
1421 2453 1493 2477 non
1520 2446 1574 2475 est
1600 2440 1645 2474 ad
1672 2450 1745 2473 ma-
