2044 2992
362 451 679 492 condonandum
722 450 900 496 rebatur,
943 448 1017 502 qui
1058 450 1146 490 fero
1184 450 1441 503 barbaroque
1484 461 1598 490 more
1643 463 1736 503 pro-

346 522 538 563 vocatus,
573 513 751 554 inhiberi
785 518 828 552 et
861 512 949 552 sisti
983 513 1149 554 difficile
1187 528 1230 554 se
1267 514 1514 567 patiebatur,
1553 513 1656 567 quin
1691 513 1735 552 in

347 593 477 619 ‚voces
519 582 778 631 acceptarum
827 575 1076 629 injuriarum
1124 577 1280 618 indices
1326 583 1616 631 prorumperet
1662 575 1736 616 ali-

358 642 550 695 quando;
581 654 683 693 quas
716 639 750 679 si
784 639 1002 680 amariores
1039 641 1245 681 senserint
1281 641 1512 688 adversarii,
1541 640 1736 680 desinant

358 704 613 752 maledicere,
651 717 704 744 ne
742 702 850 743 male
888 703 1085 751 audiant;
1131 710 1205 744 aut
1242 704 1277 743 si
1310 718 1432 757 porro
1467 704 1657 752 insanire,
1693 710 1735 744 et

356 769 400 808 in
438 774 652 808 mortuum
685 767 840 807 saevire
872 766 1025 815 volent,
1060 767 1191 808 nolim
1229 767 1306 808 sibi
1342 766 1622 815 blandiantur,
1661 773 1735 807 aut

355 832 469 872 inani
508 831 703 886 opinione
741 829 934 878 illudant,
977 837 1189 885 sperantes
1231 831 1460 879 defuturos,
1500 831 1574 884 qui
1618 844 1734 871 suam

355 896 514 937 Scotiae
533 895 706 949 gloriam
726 900 878 935 sartam
898 900 1051 935 tectam
1072 901 1316 936 conservent
1334 900 1377 935 et
1393 899 1603 942 tueantur,
1623 900 1735 948 post—

356 973 495 999 umam
527 959 764 1013 Dempsteri
794 959 947 999 famam
978 965 1161 999 asserant
1190 960 1242 999 ab
1273 958 1453 998 invidiae
1484 972 1625 998 morsu
1654 958 1734 997 illi-

355 1024 504 1063 batam.
562 1022 759 1076 Cogitent
784 1021 891 1062 nihil
915 1036 1001 1062 esse
1026 1023 1156 1076 magis
1185 1023 1229 1062 in
1258 1022 1442 1076 proclivi,
1471 1035 1598 1075 quam
1627 1021 1732 1062 cala-

356 1100 471 1126 mum
501 1087 637 1140 sepiae
666 1099 826 1126 veneno
854 1085 1064 1126 imbutum
1090 1085 1203 1139 apud
1230 1085 1466 1139 prurientes
1495 1091 1732 1139 temporum

356 1156 591 1190 nostrorum
612 1163 730 1189 aures
750 1149 984 1197 deonerare,
1005 1148 1336 1202 facillimumque
1355 1147 1488 1188 laesae
1502 1149 1730 1189 eruditioni

348 1228 407 1255 vex
421 1213 545 1254 alieni
560 1212 955 1252 hallucinationibus
970 1212 1232 1252 voluminum
1247 1211 1376 1252 moles
1389 1218 1612 1260 exstruere,
1625 1219 1668 1252 et
1680 1227 1732 1253 ex

354 1276 428 1316 illo
463 1289 664 1316 novorum
698 1275 912 1315 annalium
948 1275 1128 1316 fecundo
1159 1275 1413 1315 incertarum
1445 1276 1732 1316 narrationum

354 1340 630 1393 dictionisque
656 1338 799 1379 illuvie
824 1338 994 1378 horrido
1023 1352 1167 1392 campo
1196 1339 1367 1379 uberem
1396 1339 1450 1379 ad
1475 1340 1729 1393 carpendum

355 1410 535 1458 segetem
569 1403 787 1443 demetere.
845 1401 935 1442 Nec
968 1402 1190 1456 quisquam
1223 1415 1377 1450 eorum,
1410 1403 1484 1456 qui
1515 1403 1732 1443 scribendo

354 1467 647 1508 inclarescendi
676 1466 889 1520 prurigine
924 1465 1100 1519 flagrant
1131 1471 1174 1505 et
1200 1465 1422 1519 agitantur,
1452 1466 1512 1506 ita
1538 1467 1650 1506 omni
1681 1481 1732 1507 ex

353 1538 470 1585 parte
490 1531 684 1572 inventus
705 1536 767 1570 est
786 1531 942 1578 beatus,
964 1535 1013 1569 ut
1032 1530 1083 1569 ab
1103 1529 1268 1569 errandi
1288 1529 1474 1583 periculo
1500 1530 1732 1570 immunem

354 1610 396 1637 se
409 1596 518 1636 ausit
531 1594 735 1649 polliceri;
756 1594 812 1634 sic
828 1607 904 1634 nec
919 1607 1221 1647 usquequaque
1236 1593 1533 1647 Dempsterum
1549 1608 1574 1634 a
1593 1595 1732 1634 naevis

352 1660 506 1706 libero;
536 1659 664 1699 immo
692 1664 742 1698 ut
770 1657 982 1698 hominem
1011 1663 1159 1697 natum
1187 1656 1323 1697 multa
1351 1671 1519 1711 peccare
1547 1659 1732 1712 potuisse

355 1723 572 1764 fatendum
592 1728 666 1770 est,
686 1728 730 1762 at
755 1727 932 1775 peccata,
958 1721 992 1761 si
1019 1721 1258 1760 diuturnior
1287 1721 1373 1761 vita
1402 1721 1652 1775 contigisset,
1682 1728 1733 1762 ut

355 1787 640 1827 Christianum
661 1791 704 1825 et
723 1785 905 1832 doctum,
925 1789 999 1824 aut
1019 1798 1092 1824 sua
1112 1788 1271 1837 sponte,
1291 1790 1365 1824 aut
1385 1785 1560 1824 candide
1576 1787 1627 1825 ab
1642 1785 1732 1825 aliis

354 1849 573 1897 monitum,
589 1849 715 1889 fuisse
730 1854 1022 1888 correcturum.
1067 1848 1191 1891 Quod
1205 1861 1302 1887 vero
1316 1854 1581 1901 praematura
1595 1856 1730 1889 morte

355 1914 473 1953 nobis
493 1918 659 1967 ereptus
680 1911 751 1952 ille
771 1925 855 1951 non
875 1911 1025 1965 potuit,
1052 1910 1096 1950 in
1124 1916 1310 1950 extrema
1334 1910 1399 1950 his
1426 1911 1576 1965 vigiliis
1601 1912 1731 1966 impo-

355 1977 492 2017 nenda
511 1991 650 2024 manu,
679 1976 723 2016 in
747 1975 952 2022 limandis,
978 1987 1169 2028 novoque
1195 1988 1247 2014 ex
1273 1974 1422 2014 intima
1448 1980 1490 2014 et
1519 1976 1731 2016 recondita

355 2040 606 2093 antiquitate
626 2038 959 2080 observationum
979 2037 1162 2078 auctario
1182 2036 1498 2091 locupletandis,
1519 2038 1664 2079 sedulo
1689 2046 1732 2080 et

354 2104 542 2157 gnaviter
575 2103 783 2143 desudant
811 2101 1049 2156 Dempsteri
1079 2101 1196 2150 cives,
1231 2101 1307 2141 viri
1337 2102 1381 2141 in
1410 2101 1487 2142 hac
1515 2102 1732 2143 literarum

354 2166 556 2221 palaestra
576 2165 913 2207 exercitatissimi.
962 2165 1079 2218 Opus
1095 2179 1168 2205 cur
1189 2165 1399 2205 Historiae
1420 2165 1731 2207 Ecclesiasticae

355 2230 480 2270 titulo
499 2231 781 2284 proscriberet,
800 2229 874 2269 has
893 2229 1041 2268 habuit
1068 2242 1230 2268 caussas
1250 2228 1538 2283 Dempsterus.
1595 2230 1731 2270 Maxi-

352 2309 463 2335 mam
482 2301 642 2349 partem
662 2294 778 2334 labor
797 2294 931 2334 omnis
951 2293 995 2333 in
1016 2307 1064 2333 eo
1084 2292 1353 2340 consumitur,
1374 2299 1423 2333 ut
1442 2307 1495 2334 ne
1515 2293 1732 2335 oblivionis

353 2359 533 2400 tenebris
573 2358 760 2398 involuta
797 2357 956 2398 Scotiae
995 2362 1231 2397 sanctorum
1270 2357 1468 2397 memoria
1511 2365 1731 2407 exarescat,

353 2423 544 2463 desintve
583 2421 761 2462 illustria
804 2427 848 2461 et
891 2420 1116 2461 domestica
1164 2418 1363 2473 exempla,
1411 2421 1562 2474 quibus
1611 2422 1731 2470 scoti,

352 2487 426 2539 qui
465 2486 589 2526 hodie
623 2500 647 2526 a
679 2487 883 2539 majorum
918 2484 961 2524 in
996 2483 1208 2537 religionis
1242 2483 1428 2532 veritate,
1462 2485 1656 2533 moribus,
1691 2493 1733 2525 et

354 2550 557 2590 institutis
605 2555 872 2596 recesserunt,
915 2547 1108 2601 deviique
1150 2561 1173 2588 a
1217 2547 1351 2601 prima
1394 2547 1576 2602 puritate
1620 2550 1733 2589 aber-
