2032 2912
325 307 386 336 102
705 302 935 338 HISTORIA
958 302 1332 336 ECCLESIASTICA

325 401 387 434 dit.
439 399 562 434 Scotos
586 403 705 434 autem
728 408 830 433 sacro
855 397 939 433 huic
964 397 1055 433 bello
1080 397 1286 433 interfuisse
1310 397 1415 433 docui
1441 398 1565 433 multis
1583 401 1630 434 ad
1650 399 1716 433 Hi·

322 458 467 492 storiam
501 455 685 490 Benedicti
719 454 870 497 Accolti,
905 460 940 491 et
973 455 1109 490 fatetur
1143 454 1350 500 Torquatus
1392 453 1529 490 Tassus
1571 456 1714 491 heroico

321 519 481 559 poemate
507 513 567 548 lib.
594 521 667 547 vu.
698 523 846 548 numero
877 521 1009 548 van.
1039 511 1205 548 Fulcher.
1235 512 1446 548 Carnotens.
1480 512 1580 548 Gest.
1613 513 1717 548 Pere-

320 573 452 617 grinor.
480 582 555 615 cap.
583 579 619 604 v.
646 570 707 605 fin.
734 570 928 606 Guibertus
953 570 1073 612 abbas,
1099 570 1260 606 omnium
1287 570 1531 615 ineptissimus
1557 571 1619 616 qui
1644 571 1715 605 bel-

321 631 394 662 lum
421 628 509 662 illud
535 632 747 668 tractarunt,
772 628 834 663 lib.
861 636 887 663 1.
914 638 990 673 cap.
1018 637 1043 663 1.
1070 627 1338 674 Urspergensis,
1365 632 1401 662 et
1430 626 1639 675 Sigebertus
1671 627 1715 662 ad

321 696 454 720 annum
477 694 608 720 mxcv.
658 684 792 721 Noster
807 690 929 721 autem
945 685 1152 721 Bernardus
1170 685 1265 720 inter
1283 684 1477 720 Godofredi
1494 686 1715 720 consiliarios

320 743 529 787 prudentiae
558 748 594 778 et
623 743 876 779 moderationis
903 743 1045 778 laudem
1074 749 1128 778 est
1156 747 1378 777 consecutus.
1413 742 1714 778 Scotichronicon.

321 800 470 845 Scripsit

469 858 530 892 Ad
558 858 809 905 Suffraganeos
838 868 923 893 suos
961 857 1022 892 lib.
1055 867 1080 892 1.
1111 856 1219 892 Sedes
1249 861 1371 892 autem
1400 857 1616 902 episcopales
1651 859 1718 893 sub

519 915 656 949 Edessa
681 920 765 950 sunt
792 915 930 956 Virchi,
956 914 1177 955 Constantia,
1198 913 1367 954 Garrum,
1386 914 1608 960 Mariopolis‚
1628 915 1718 950 Var-

515 983 598 1012 non,
628 971 805 1014 Gedaron,
833 973 991 1013 Ymeria,
1016 971 1275 1016 Querquentia,
1303 970 1498 1016 Capsaron,
1518 976 1554 1007 et
1571 971 1718 1007 Callini-

519 1040 588 1064 cos.

469 1087 524 1121 De
541 1086 639 1121 Urbe
659 1085 885 1121 Hierusalem
910 1086 971 1122 lib.
992 1095 1017 1121 1.
1044 1085 1197 1120 Orditur
1222 1096 1324 1120 suam
1350 1085 1538 1121 historiam
1561 1087 1606 1121 ab
1624 1099 1717 1122 anno

519 1152 750 1178 DCCCCLXX.
769 1154 810 1178 ac
826 1144 989 1189 perducit
1005 1154 1120 1189 usque
1138 1143 1184 1178 ad
1200 1142 1307 1178 finem
1325 1141 1531 1178 Godofredi.

472 1201 527 1235 De
540 1200 642 1235 Bello
657 1200 764 1236 Sacro
778 1201 839 1236 lib.
854 1210 926 1236 vn.
969 1200 1110 1236 Extant
1124 1200 1162 1235 in
1173 1199 1371 1235 Viennensi
1391 1200 1564 1236 Caesarea
1581 1201 1715 1237 Biblio-

518 1257 631 1293 theca.

372 1315 512 1350 Floruit
529 1315 596 1349 sub
613 1314 649 1349 S.
668 1315 859 1351 Malcolmo
877 1314 946 1350 111.
964 1314 1084 1351 Scotia
1101 1325 1263 1363 egressus
1285 1320 1338 1351 est
1362 1327 1455 1350 anno
1481 1324 1580 1352 Μῦν.
1605 1327 1716 1362 quan-

325 1373 370 1406 do
388 1372 488 1412 obiit,
506 1383 576 1407 non
594 1372 821 1418 deprehendi.

613 1486 904 1522 WALTERUS
930 1497 985 1523 DE
1013 1487 1290 1524 BALTRODI.
1344 1492 1424 1525 182.

324 1602 562 1637 &VALTERUS
578 1602 623 1637 de
640 1601 815 1643 Baltrodi,
833 1602 1028 1638 monachus
1052 1603 1250 1646 Sconensis,
1274 1605 1427 1650 indeque
1451 1606 1715 1641 translatusad

321 1659 560 1704 episcopatum
587 1659 855 1701 Cathenensem,
883 1661 940 1695 vir
964 1661 1137 1696 discretus
1162 1661 1321 1702 consilio,
1347 1667 1383 1697 et
1407 1662 1596 1698 sanctitate
1619 1664 1715 1698 vitae

322 1715 620 1757 commendabilis,
637 1717 780 1762 scripsit

471 1774 753 1809 Constitutiones
771 1774 950 1809 Ecclesiae
967 1786 1052 1809 suae
1311 1777 1372 1812 lib.
1393 1786 1418 1811 1.

372 1832 471 1866 Obiit
489 1842 582 1866 anno
601 1840 788 1867 mccnxx.
840 1831 1127 1867 Scotichronicon
1139 1833 1205 1868 lib.
1225 1841 1265 1868 X.
1285 1843 1360 1880 cap.
1379 1842 1515 1869 xxvn.

834 1947 1055 1982 BRIXIUS.
1108 1948 1189 1984 183.

322 2062 508 2101 Bsslxm&
526 2072 547 2097 a
565 2062 695 2096 teneris
712 2062 815 2098 annis
834 2063 944 2097 vitam
962 2064 1196 2098 monasticam
1213 2066 1410 2109 amplexus,
1431 2075 1511 2100 cum
1535 2070 1651 2101 aetate
1675 2068 1711 2100 in

322 2119 524 2154 divinarum
542 2119 724 2154 literarum
742 2120 871 2155 notitia
888 2120 1035 2155 mirifice
1057 2122 1182 2162 crevit,
1206 2127 1242 2156 et
1264 2123 1367 2158 annis
1384 2124 1471 2158 satis
1489 2123 1712 2170 juvenilibus

321 2177 419 2220 prior
435 2176 580 2211 celebris
597 2177 754 2212 coenobii
772 2177 816 2212 de
832 2177 1057 2225 Lesmohago
1073 2179 1313 2215 renunciatus.
1362 2180 1455 2215 Cum
1478 2180 1625 2216 obiisset
1647 2181 1712 2215 Ri-

322 2234 473 2268 chardus
497 2233 680 2269 Moraviae
696 2235 892 2282 episcopus,
912 2236 962 2271 illi
981 2237 1159 2272 successit.
1201 2237 1517 2274 Scotichronichon
1539 2238 1599 2273 lib.
1620 2247 1710 2272 vm.

322 2300 396 2335 cap.
417 2299 529 2325 Lx1v.
580 2291 728 2337 Scripsit

467 2348 580 2392 Super
597 2348 796 2386 Sententias
1303 2353 1363 2388 lib.
1384 2361 1437 2388 iv.
