2032 2912
334 287 374 319 96
711 283 942 316 HISTORIA
966 281 1341 314 ECCLESIASTICA

629 375 954 411 ALEXANDER
980 374 1297 411 BARCLAYUS,
1354 376 1435 412 172.

337 444 356 456 ‘⁴
371 438 642 471 ALEXANDER
654 434 863 479 Barclayus‚
876 433 1005 468 nobilis
1019 437 1055 467 et
1068 433 1233 479 egregius
1247 437 1362 477 poeta,
1384 436 1419 466 et
1433 432 1585 478 insignis
1599 438 1729 471 orator,

335 500 438 539 geute
457 493 594 533 Scotus,
613 492 680 527 sub
698 491 816 526 Maria
834 491 958 537 regina
975 490 1135 530 decessit,
1155 490 1223 530 vel,
1244 494 1285 524 ut
1303 489 1364 524 alii
1383 490 1522 529 volunt,
1541 489 1607 523 sub
1625 488 1730 522 finem

337 551 495 585 Eduardi
514 549 598 584 VI.’'
617 549 734 594 inquit
755 548 998 584 Holinshedus
1019 547 1115 583 Hist.
1135 558 1219 593 pag.
1241 555 1448 581 MDccxlx.
1502 546 1651 590 Scripsit

482 607 672 641 Orationes
690 606 808 641 varias
1275 604 1336 639 lib.
1358 614 1382 638 1.

480 665 651 699 Poemata
669 664 768 698 varia
1276 662 1337 697 lib.
1358 671 1383 695 1.

482 721 537 756 De
556 721 644 755 Fide
662 720 873 756 Orthodoxa
1276 719 1337 754 lib.
1359 728 1383 752 Ι.

383 779 484 813 Vixit
502 780 539 813 in
558 778 703 824 Anglia,
722 779 839 822 patria
856 789 921 812 sua
938 778 1120 824 religionis
1135 788 1220 823 ergo
1237 777 1373 820 pulsus,
1392 780 1427 810 et
1445 776 1511 810 sub
1529 787 1636 811 aureo
1652 777 1729 810 Ma-

334 838 406 871 riae
423 836 643 882 Anglicanae
661 836 810 880 imperio
827 836 916 870 obiit
933 846 1027 869 anno
1046 843 1183 868 MDLu.

716 932 930 967 ADAMUS
956 931 1207 967 BLUNTUS.
1265 934 1347 969 173.

334 1009 513 1042 ADAMUS
532 1008 688 1042 Bluntus
707 1007 965 1041 Franciscanus
982 1016 1114 1051 magna
1131 1006 1226 1040 inter
1249 1016 1333 1040 suos
1357 1005 1463 1045 fama,
1488 1016 1608 1039 sacrae
1632 1006 1730 1040 theo-

333 1066 446 1110 logiae
463 1066 582 1103 lector,
601 1069 635 1098 et
654 1063 926 1110 Roxburgensis
943 1062 1101 1097 coenobii
1118 1062 1157 1095 in
1179 1062 1299 1097 Scotia
1321 1062 1496 1107 superior,
1520 1061 1728 1096 difficillimo

333 1121 531 1166 tyrannidis
548 1120 769 1167 Anglicanae
786 1125 955 1164 tempore,
973 1131 995 1154 a
1011 1119 1035 1153 J
1037 1130 1150 1153 oanne
1168 1119 1308 1155 Baliolo
1325 1119 1513 1154 Scotorum
1536 1131 1620 1166 rege
1645 1120 1728 1153 mis-

331 1190 390 1213 sus
414 1179 458 1212 ad
482 1177 693 1212 Eduardum
718 1177 746 1211 Ι.
770 1177 931 1223 Anglum
958 1182 1129 1222 tanquam
1157 1181 1288 1217 orator,
1312 1184 1352 1212 ut
1371 1182 1648 1222 conquereretur
1666 1189 1728 1211 no-

331 1237 425 1270 mine
443 1236 535 1281 regis
553 1235 621 1273 sui,
639 1234 800 1281 Anglum
818 1235 937 1279 impie,
955 1240 991 1269 et
1008 1235 1209 1275 crudeliter,
1232 1239 1266 1270 et
1285 1239 1410 1270 contra
1427 1234 1553 1269 foedus
1571 1234 1726 1269 Scotiam

330 1295 508 1333 divexare,
528 1297 563 1326 et
580 1293 731 1338 injurias
748 1292 900 1326 subditis
917 1291 1112 1331 inferendo,
1131 1297 1167 1326 et
1185 1292 1300 1326 modis
1320 1291 1490 1332 subdolis,
1506 1292 1567 1326 sed
1581 1292 1726 1330 illicitis,

330 1352 434 1385 fidem
452 1351 496 1384 ab
515 1362 555 1384 eo
573 1360 755 1394 nunquam
773 1349 929 1383 debitam
946 1349 1131 1395 exigendo,
1153 1349 1300 1394 insuper
1321 1349 1427 1384 urbes
1445 1360 1528 1383 suas
1546 1349 1725 1383 hostiliter

330 1408 540 1448 invadendo,
568 1407 797 1452 subditosque
822 1406 989 1446 necando,
1015 1411 1078 1441 aut
1103 1406 1194 1441 furis
1222 1408 1335 1441 instar
1360 1407 1555 1451 spoliando,
1574 1417 1725 1451 quapro-

330 1472 409 1511 pter
426 1465 562 1500 Scotiae
585 1476 703 1511 regem
727 1476 864 1499 omnem
889 1464 1005 1505 fidem,
1029 1475 1137 1510 quam
1161 1469 1224 1499 aut
1247 1466 1332 1509 ipse,
1356 1469 1420 1499 aut
1437 1464 1570 1499 subditi
1589 1465 1644 1498 sui
1663 1477 1725 1499 no-

330 1524 426 1558 mine
444 1534 518 1562 suo,
543 1523 679 1558 ratione
701 1528 877 1557 terrarum
901 1522 939 1556 in
956 1522 1092 1568 Anglia
1108 1533 1363 1567 possessarum,
1381 1522 1561 1563 deberent,
1581 1523 1724 1567 penitus

334 1581 516 1626 abnegare,
529 1585 564 1614 et
579 1579 693 1614 feudis
707 1580 925 1614 renunciare.
954 1579 1053 1614 Haec
1067 1590 1177 1624 paene
1190 1580 1364 1615 verbatim
1381 1579 1625 1614 Holinshedus
1641 1579 1726 1616 His-

331 1644 397 1672 tor.
417 1638 558 1684 Anglic.
577 1649 658 1684 pag.
679 1646 875 1672 DCCCXIX.
904 1636 974 1671 Hic
990 1636 1154 1672 Adamus
1172 1638 1325 1682 scripsit,
1340 1643 1382 1672 ut
1400 1637 1437 1671 in
1456 1636 1577 1671 Indice
1595 1636 1724 1676 Maiae,

479 1695 549 1729 Pro
568 1695 666 1741 Rege
684 1694 707 1728 J
710 1706 822 1729 oanne
1272 1696 1331 1730 lib.
1353 1704 1377 1728 1.

477 1753 717 1786 Summarium
737 1752 1002 1788 Sententiarum
1270 1753 1331 1788 lib.
1352 1762 1376 1786 1.

476 1810 670 1845 Conciones
688 1815 723 1845 et
742 1810 913 1845 Lecturas
1269 1811 1330 1845 lib.
1350 1819 1376 1844 1.

380 1868 572 1913 Legatione
601 1867 818 1914 fungebatur
847 1880 941 1903 anno
969 1877 1167 1903 MCCXCVL
1199 1869 1345 1903 ineunte
1371 1878 1491 1902 mense
1517 1868 1659 1912 Aprili;
1689 1874 1723 1901 et

331 1925 396 1958 fide
422 1926 459 1959 in
484 1936 594 1971 reges,
621 1936 739 1960 amore
766 1926 802 1959 in
828 1927 992 1970 patriam,
1019 1927 1206 1960 literatura
1231 1925 1439 1971 theologica,
1465 1935 1596 1969 paucos
1621 1936 1722 1969 pares

332 1987 444 2016 aetate
462 1993 524 2015 sua
543 1982 706 2016 habuisse
724 1989 896 2018 censetur.

641 2080 917 2116 DUNCANUS
947 2082 1267 2117 BORNETTUS.
1324 2084 1405 2120 174.

334 2153 559 2188 DUNCANUS
602 2155 809 2196 Bornettus,
857 2156 944 2191 alias
991 2156 1187 2196 Burnatus‚
1239 2157 1383 2191 natione
1434 2157 1572 2197 Scotus,
1624 2169 1722 2202 mag-

332 2220 412 2243 nam
447 2210 491 2244 ab
524 2212 721 2247 eruditione
755 2212 886 2247 famam
922 2214 1063 2258 paravit
1097 2215 1192 2258 apud
1229 2212 1436 2255 Germanos,
1471 2226 1553 2249 cum
1589 2215 1718 2260 quibus

332 2268 484 2300 multum
523 2269 691 2313 temporis
727 2270 841 2304 vixit:
884 2271 1077 2305 medicinae
1111 2272 1234 2306 doctor
1269 2272 1433 2313 eximius,
1468 2278 1503 2307 et
1540 2272 1721 2317 chymicae

333 2324 477 2366 peritus,
496 2325 533 2357 in
552 2325 637 2359 illud
656 2326 816 2367 incubuit
840 2328 961 2367 studii,
984 2334 1025 2362 ut
1048 2328 1253 2374 Spagiricen
1278 2329 1552 2375 Hippocraticae
1575 2330 1720 2375 conjun-

333 2386 440 2424 geret.
478 2381 625 2425 Scripsit
645 2384 766 2423 multa,
785 2385 856 2424 sed,
875 2390 915 2420 ut
933 2391 1089 2429 apparet,
1109 2397 1234 2430 parum
1255 2387 1365 2422 edidit
1383 2398 1528 2422 suorum
1548 2397 1718 2431 operum3
