2032 2912
710 361 884 393 GENTIS
909 361 1184 398 SCOTORUM,
1209 361 1297 394 LIB.
1320 361 1383 393 III.
1669 362 1728 393 191

356 455 453 494 actis,
480 455 748 500 peregrinando,
775 455 942 495 docendo,
967 456 1150 489 scribendo
1178 455 1352 489 indefesso
1378 455 1496 489 labore
1521 455 1614 489 cives
1642 466 1735 493 suos,

353 511 490 545 haeresi
503 511 675 551 abdicata,
687 511 889 545 Catholicae
903 513 1065 545 ecclesiae
1079 513 1180 546 unire
1195 513 1341 546 annisus
1355 517 1418 551 est,
1433 512 1490 545 vir
1504 512 1735 556 probissimae

353 569 631 602 conversationis
661 568 768 602 etiam
793 579 814 601 a
836 568 994 602 sectariis
1014 569 1206 613 judicatus.
1269 570 1472 614 Majestatis
1498 569 1615 615 regiae
1641 580 1734 603 acer-

352 626 464 659 rimus
490 629 745 671 propugnator,
771 625 903 669 quippe
935 636 1014 658 cum
1040 624 1184 671 Anglus
1210 626 1354 670 quidam
1384 627 1416 660 ei
1442 626 1632 661 detexisset
1660 625 1737 659 Eli-

353 683 539 716 zabetham
573 681 726 728 Angliae
761 682 921 727 reginam
959 683 1049 715 velle
1087 692 1134 720 se,
1174 693 1395 727 quacumque
1429 683 1579 722 ratione,
1614 695 1632 716 e
1665 694 1737 716 me-

352 739 411 773 dio
440 740 573 778 tollere,
603 738 812 778 intercessit,
842 743 878 772 et
900 743 1076 783 quantum
1099 738 1175 772 fieri
1198 740 1316 784 potuit
1339 741 1384 774 ab
1409 741 1549 784 incepto
1574 741 1751 774 retraxit.-

352 796 480 830 Petrus
504 795 710 830 Matthaeus
735 795 795 829 lib.
815 804 869 829 VI.
896 796 993 829 Hist.
1019 795 1143 830 Gallie.
1167 801 1301 830 narrat.
1328 806 1370 830 ΙΙ.
1421 796 1546 840 quue
1569 797 1735 830 beneficio

351 854 474 899 regina
504 854 679 894 devincta,
709 865 789 887 cum
820 854 879 887 ille
913 865 957 888 ex
993 854 1121 888 itinere
1151 853 1288 888 Scotico
1318 854 1408 887 mari
1438 854 1664 898 interceptus,
1698 855 1736 887 in

352 910 499 944 Turrim
529 910 791 944 Londinensem
821 911 1062 956 conjiceretur,
1093 922 1112 944 e
1142 911 1295 957 vestigio
1325 911 1475 945 liberum
1506 911 1653 950 dimisit,
1684 913 1736 945 ul-

351 974 408 1002 tro
434 967 593 1002 confessa
618 979 690 1001 non
713 978 815 1012 posse
840 967 1041 1012 improbum
1066 979 1151 1007 esse,
1176 969 1232 1002 cui
1258 979 1362 1002 curae
1386 973 1477 1002 esset
1500 968 1599 1013 regia
1623 968 1736 1013 digni-

351 1031 416 1065 tas,
445 1031 480 1059 et
505 1026 704 1059 animarum
731 1026 837 1059 salus.
890 1024 1025 1059 Sileant
1051 1037 1135 1072 ergo
1163 1026 1321 1070 perditae
1347 1026 1606 1059 haereticorum
1633 1036 1733 1059 voces

351 1083 579 1116 clamantium
611 1094 632 1116 a
662 1083 828 1116 societate
857 1082 895 1115 in
926 1083 1102 1128 principes
1133 1084 1276 1118 sicarios
1307 1083 1449 1123 armari,
1480 1093 1560 1117 cum
1590 1082 1648 1116 hic
1677 1082 1736 1116 Je-

352 1141 457 1179 suita,
476 1140 635 1173 hostium
653 1140 759 1173 etiam
779 1139 1006 1179 confessione,
1034 1142 1137 1187 longe
1163 1141 1208 1174 ab
1234 1152 1274 1175 eo
1300 1140 1409 1174 fuerit
1435 1140 1592 1175 consilio.
1644 1139 1735 1185 Ejus

350 1202 456 1231 sunt:

496 1254 678 1299 Excerpta
695 1266 740 1289 ex
757 1255 818 1289 SS.
839 1255 1006 1289 Patribus
1330 1256 1390 1289 lib.
1411 1264 1436 1288 1.

498 1311 541 1345 In
559 1313 712 1356 primam
730 1317 867 1356 partem
885 1312 931 1345 D.
951 1311 1111 1346 Thomae
1334 1312 1395 1346 lib.
1415 1322 1440 1345 1.

498 1369 694 1415 Theologia
711 1369 920 1402 scholastica
940 1374 1063 1403 contra
1081 1369 1255 1403 Sectarios
1335 1370 1395 1403 lib.
1417 1379 1442 1403 1.

495 1425 550 1459 De
561 1426 721 1471 legitimo
731 1426 755 1459 J
757 1426 855 1460 acobi
867 1425 931 1460 VI.
944 1425 1081 1460 Scotiae
1095 1426 1206 1472 Regis
1220 1426 1345 1460 Titulo
1359 1427 1404 1460 ad
1419 1426 1535 1472 Regni
1546 1425 1737 1471 Anglicani

546 1483 808 1517 Successionem
1330 1483 1390 1517 lib.
1412 1493 1436 1517 1.
1464 1483 1544 1522 Quo
1556 1483 1657 1521 libro,
1670 1481 1738 1516 Lo-

549 1541 646 1574 vanii
665 1541 807 1585 scripto,
826 1541 888 1574 vix
906 1542 1100 1585 periculum
1120 1541 1245 1582 evasit,
1265 1546 1366 1575 extra
1388 1552 1508 1575 omnes
1535 1540 1629 1586 regis
1655 1539 1739 1573 His-

547 1599 673 1643 paniae
686 1599 838 1632 ditiones
852 1599 1040 1644 relegatus.
1070 1599 1141 1633 Pro
1157 1598 1310 1643 Hispani
1325 1610 1409 1633 vero
1422 1599 1459 1632 in
1473 1599 1567 1632 idem
1585 1608 1734 1642 regnum

541 1657 624 1702 jure
643 1656 784 1700 scripsit
802 1656 949 1689 Robert.
969 1656 1175 1695 Parsonius,
1193 1655 1333 1690 Jesuita
1350 1655 1504 1701 Anglus.

496 1713 609 1747 Casus
627 1712 872 1747 Conscientiae
1333 1713 1394 1746 lib.
1415 1722 1440 1747 1.

400 1771 498 1805 Obiit
518 1771 688 1816 Lugduni
707 1770 902 1804 Galliarum
924 1778 1099 1803 MDCXVI.
1125 1769 1253 1804 Multis
1277 1770 1379 1804 annis
1398 1769 1594 1815 Collegium
1620 1770 1732 1803 Lova-

351 1829 400 1862 nii
420 1828 604 1862 Scotorum
624 1828 727 1861 rexit.

646 1942 934 1977 CORNELIUS
961 1943 995 1976 A
1022 1942 1306 1977 ZIRICHZEA.
1360 1946 1441 1976 345.

352 2059 590 2093 CORNELIUS
609 2071 629 2092 a
652 2058 845 2098 Zirichzea,
866 2058 1001 2104 origine
1026 2058 1197 2098 Batavus,
1222 2070 1242 2091 a
1264 2057 1401 2092 Joanne
1425 2058 1649 2098 Mahuberto,
1673 2058 1735 2091 Ul-

351 2122 597 2150 tramontanae
627 2116 872 2150 observantiae
901 2116 1067 2161 generali,
1100 2114 1264 2161 Eugenio
1291 2115 1355 2149 IV.
1384 2115 1559 2160 pontifice,
1589 2120 1735 2161 rogante

350 2174 481 2207 Jacobo
513 2173 540 2206 I.
572 2185 664 2219 rege,
694 2174 731 2207 in
758 2173 910 2206 Scotiam
936 2178 989 2207 est
1013 2173 1154 2213 missus,
1182 2178 1217 2206 et
1241 2173 1495 2207 monasterium
1520 2172 1734 2217 Edimburgi

351 2232 500 2271 fundat3
529 2232 589 2265 sed
606 2232 815 2275 procedente
833 2236 1001 2274 tempore,
1020 2230 1123 2264 rebus
1142 2230 1322 2276 religionis
1341 2242 1424 2264 suae
1442 2230 1678 2276 exigentibus,
1697 2230 1734 2262 in

352 2289 518 2334 Belgium
541 2300 620 2322 cum
648 2297 701 2322 VI.
727 2288 897 2322 fratribus
923 2299 1097 2327 reversus,
1123 2287 1354 2331 Antverpiae‚
1380 2299 1451 2321 non
1478 2288 1552 2321 sine
1579 2287 1733 2320 maxima

352 2347 550 2380 sanctitatis
569 2346 744 2390 opinione,
765 2345 863 2379 obiit.
916 2344 1065 2389 Scripsit

501 2404 694 2438 Conciones
713 2403 757 2437 ad
779 2403 952 2447 Populum
971 2403 1007 2436 in
1027 2402 1144 2437 Scotia
1334 2402 1392 2436 lib.
1414 2412 1438 2435 1.

501 2461 684 2496 Sermones
707 2462 750 2495 ad
769 2460 912 2494 Fratres
932 2460 1060 2493 ibidem
1334 2460 1394 2494 lib.
1415 2470 1439 2494 1.

1012 2520 1032 2549 ‘2
1052 2529 1071 2551 C
