2032 2912
338 298 403 328 314
724 296 957 330 HISTORIA
982 298 1360 332 ECCLESIASTICA

340 393 477 437 ctisque
509 392 544 426 in
571 403 682 438 regno
708 403 774 426 suo
798 392 913 433 fusus,
944 404 1076 434 caesus,
1104 405 1144 428 ac
1170 394 1207 428 in
1233 393 1470 439 profluentem
1494 395 1664 441 abjectuS‚
1693 408 1736 430 ne

337 449 587 494 cenotaphium
618 449 762 494 quidem
793 450 889 494 apud
919 461 1001 485 suos
1032 451 1169 486 habet?
1201 452 1280 486 Scio
1311 452 1500 486 confictum
1531 453 1642 487 fuisse
1670 455 1737 488 sub

339 506 495 541 Henrico
521 506 571 540 ΙΙ.
602 507 809 542 ruderetum
838 508 884 542 ad
915 507 1137 543 Glastoniam
1166 515 1320 551 erutum,
1348 509 1458 557 hujus
1486 511 1580 557 regis
1608 523 1736 545 nomen

336 563 549 608 praeferens,
567 568 608 598 ut
628 564 666 598 in
684 564 807 611 Belgis
825 565 998 599 sectarius
1017 567 1183 602 observat
1198 578 1206 601 ε

861 622 939 657 H1c
968 632 1099 658 JACET
1127 634 1212 659 SEP-

855 689 988 715 ULTUS
1002 690 1213 718 INCLYTUS

852 748 940 773 REX
996 738 1212 775 Arm-umus

857 803 903 830 IN
927 796 1085 832 INSULA
1103 798 1212 833 AVA-

956 864 1101 890 LONIA.

333 914 401 949 Cui
427 914 494 949 hoc
519 925 671 960 oppono,
699 919 741 949 ut
766 914 836 948 alia
862 914 1038 953 omittam,
1065 924 1249 959 nunquam
1275 913 1346 949 fuit
1372 915 1482 950 moris
1508 916 1604 960 apud
1623 916 1732 952 Grae-

332 983 390 1007 cos
416 971 636 1018 Latinosque
662 983 792 1007 nomen
817 973 885 1006 loci
908 971 1119 1016 sepulchrali
1145 972 1249 1016 cippo
1273 972 1438 1013 incidere,
1466 973 1568 1018 quasi
1594 974 1630 1008 id
1657 974 1733 1019 ipse

332 1030 423 1074 lapis
441 1041 512 1064 non
534 1030 731 1071 indicaret3
759 1030 797 1063 in
821 1030 888 1064 hoc
912 1029 1007 1064 enim
1033 1029 1129 1063 vitae
1156 1030 1328 1070 ordinem,
1355 1041 1496 1071 nomen,
1523 1042 1730 1078 cognomen,

329 1087 514 1128 familiam,
544 1088 711 1133 patriam,
742 1088 992 1127 conditionem,
1019 1090 1183 1128 aetatem,
1212 1087 1339 1122 mortis
1367 1099 1521 1129 causam,
1548 1089 1729 1124 interdum

328 1146 521 1180 haeredum
547 1146 852 1186 substitutionem,
879 1156 959 1179 cum
986 1144 1065 1179 aliis
1091 1144 1256 1180 formulis
1283 1146 1520 1191 comperimus
1552 1158 1729 1192 expressa,

328 1215 458 1239 nomen
474 1204 542 1239 loci
559 1214 756 1249 nunquam.
808 1203 920 1238 Recte
937 1202 1085 1237 Iscanus
1102 1207 1230 1248 poeta:

630 1269 678 1298 Sic
693 1269 846 1298 Britonum
860 1268 983 1298 ridenda
998 1267 1069 1297 fides
1082 1277 1134 1307 per
1147 1267 1245 1297 secula
1258 1267 1352 1297 multa

631 1317 795 1346 Arthurum
810 1322 955 1356 expectat.

378 1383 555 1429 Migravit
572 1395 616 1418 ex
633 1383 700 1418 hac
717 1383 794 1417 vita
811 1382 956 1417 Gonora
972 1383 1010 1417 in
1028 1381 1349 1426 captivitate‘anno
1365 1390 1464 1416 DXL.
1502 1382 1586 1417 Non
1605 1388 1657 1418 est
1676 1395 1730 1419 re-

329 1444 402 1476 lata
418 1442 457 1475 in
475 1446 628 1482 sanctos,
647 1442 707 1475 sed
727 1441 784 1485 pie
802 1441 941 1475 colitur.
985 1440 1128 1475 Nomen
1146 1448 1249 1475 sonat
1267 1440 1453 1485 quippiam
1470 1439 1729 1476 Northmanni-

329 1510 428 1542 cum;
449 1510 533 1533 nam
548 1498 703 1539 Gonora,
718 1509 811 1533 uxor
825 1498 997 1532 Richardi
1015 1498 1044 1532 Ι.
1063 1498 1162 1532 ducis
1181 1497 1412 1538 Normaniae‚
1426 1497 1465 1531 in
1481 1499 1599 1544 gentis
1617 1498 1728 1534 histo-

329 1557 382 1591 ria
400 1557 609 1592 celebratur.
663 1556 858 1591 Festivitas
876 1556 933 1590 die
950 1565 1041 1590 Vl11.
1059 1554 1083 1589 J
1085 1566 1209 1590 anuar.
1265 1555 1495 1590 Consuetudo
1513 1556 1592 1590 loci.

740 1672 778 1707 S.
805 1670 1170 1706 GUTHAGONUS.
1224 1673 1308 1706 584.

327 1790 362 1824 S.
382 1789 682 1829 GUTHAGONUS,
708 1799 803 1823 unus
829 1800 872 1823 ex
899 1788 1101 1833 apostolicis
1127 1787 1333 1832 primitivae
1356 1787 1543 1822 Scotorum
1561 1789 1726 1824 ecclesiae

326 1848 645 1887 concionatoribus,
683 1846 858 1881 Findochi
894 1855 1015 1881 XXXI.
1058 1846 1153 1892 regis
1188 1845 1293 1887 filius,
1338 1845 1450 1880 frater
1483 1846 1639 1881 Donaldj
1675 1847 1725 1881 II.

326 1912 362 1940 et
396 1905 603 1946 Crathlinti,
635 1916 744 1950 nepos
776 1904 997 1944 Athirconis,
1033 1915 1170 1951 regum,
1206 1904 1346 1938 fervore
1384 1904 1561 1950 evangelii
1597 1909 1725 1944 tactus,

325 1964 480 2008 patriam
498 1964 644 2008 reliquit
661 1974 742 1998 cum
761 1962 797 1997 S.
817 1963 942 1997 Macra
964 1972 1095 2002 sorore,
1122 1966 1158 1996 et
1184 1962 1221 1996 in
1242 1961 1411 2007 Belgium
1430 1962 1624 2008 trajiciens,
1652 1962 1724 1997 Ro-

325 2032 421 2055 mam
447 2021 759 2056 concionabundus
785 2032 1007 2067 progressus,
1032 2020 1217 2065 reduxque
1244 2024 1265 2039 “
1290 2020 1483 2065 aliquando
1509 2021 1603 2064 apud
1630 2020 1724 2055 Bru-

326 2091 389 2125 gas
408 2080 446 2113 in
467 2079 615 2114 Knocke
633 2084 687 2114 est
704 2083 945 2119 conversatus,
964 2083 1000 2113 et
1017 2078 1055 2112 in
1074 2077 1268 2112 Oestkirka
1286 2078 1480 2122 sepultus.”
1526 2077 1584 2112 Ex
1602 2079 1723 2113 lectio-

326 2137 431 2171 nibus
461 2137 499 2171 in
528 2137 723 2171 Oestkirka
748 2136 853 2171 Joan.
879 2136 1050 2173 Molanus
1076 2135 1234 2170 Natalib.
1266 2147 1348 2182 pag.
1375 2144 1544 2170 XXXVII.
1575 2141 1653 2170 tum
1680 2137 1723 2171 de

327 2195 426 2228 cultu
440 2195 533 2228 idem
548 2195 734 2240 theologus
749 2189 891 2229 subdit:
921 2199 941 2214 ‘⁶
956 2194 1000 2229 B.
1017 2193 1225 2240 Guthagoni
1240 2205 1380 2238 corpus,
1393 2193 1550 2228 Domino
1563 2205 1627 2239 per
1640 2206 1721 2229 eum

327 2252 442 2285 multa
459 2253 630 2287 miracula
647 2252 811 2294 faciente,
829 2253 873 2287 de
889 2252 1080 2287 humiliore
1105 2253 1181 2286 loco
1207 2253 1245 2286 in
1272 2260 1413 2297 capsam
1441 2252 1627 2286 transtulit
1653 2251 1721 2286 Ge-

327 2309 455 2343 rardus
483 2308 720 2345 Tornacensis
752 2311 948 2356 episcopus,
979 2320 1073 2344 anno
1105 2318 1252 2344 Mele.
1288 2310 1392 2344 nonis
1422 2309 1536 2352 Julii;
1573 2310 1720 2344 eandem

326 2377 468 2411 capsam
498 2372 700 2402 reverenter
726 2379 766 2402 ac
792 2369 920 2403 devote
944 2368 1086 2413 aperuit
1113 2373 1149 2402 et
1181 2368 1345 2403 visitavit
1376 2367 1558 2409 Nicolaus,
1587 2368 1720 2412 episco-

326 2424 363 2468 pi
390 2423 627 2459 Tornacensis
653 2425 910 2473 suffraganeus,
937 2425 994 2460 die
1026 2433 1052 2459 1.
1080 2425 1247 2461 Octobris
1274 2433 1481 2467 Menxmv.
1512 2425 1720 2469 invenitque
