2032 2912
704 337 880 369 GENTIS
905 336 1182 374 SCOTORUM,
1206 336 1296 369 LIB.
1319 336 1382 368 111.
1670 336 1733 367 155

726 488 762 522 S.
792 488 1198 523 CONSTANTINUS.
1253 492 1338 523 258.

333 604 367 639 S.
388 604 710 639 CONSTANTINUS
728 602 932 648 Anglorum
950 601 1160 637 Guallorum
1178 615 1252 644 rex,
1279 609 1369 638 teste
1395 604 1506 644 Beda,
1534 604 1650 638 victus
1677 603 1733 638 fu-

331 667 507 708 gatusque
525 663 569 696 ab
587 661 760 699 hostibus,
779 660 897 693 liberis
916 671 956 693 ac
974 661 1125 706 conjuge
1143 661 1289 695 orbatus
1308 662 1346 695 in
1375 661 1589 695 Hiberniam
1608 661 1732 706 profu-

330 721 396 766 git,
416 721 477 754 ubi
496 719 704 764 aliquandiu
722 718 759 751 in
777 717 930 761 pistrino
947 728 1155 762 pauperum,
1174 730 1294 752 amore
1312 718 1449 753 Christi
1466 719 1645 759 incitatus,
1675 719 1734 752 de-

332 778 481 812 servivit
499 777 713 823 incognitus,
732 780 810 810 tum
828 775 1041 809 monachum
1059 776 1207 810 indutus
1226 777 1265 810 in
1283 776 1438 810 Scotiam
1456 777 1647 816 descendit,
1667 776 1732 810 im-

331 839 540 880 petrataque
563 846 585 868 a
606 834 673 868 loci
697 833 858 867 antistite
884 833 1112 867 concionandi
1140 833 1321 874 facultate,
1349 834 1541 878 impiorum
1567 834 1731 868 manibus

332 903 456 937 passus
475 896 529 926 est
546 892 773 936 martyrium,
792 896 827 924 et
845 902 910 935 pro
929 895 1051 925 sancto
1068 892 1232 937 religiose
1252 893 1381 932 cultus,
1409 892 1465 925 cui
1492 892 1628 936 aliquot
1653 896 1734 935 post

331 951 448 984 secula
465 951 576 984 relato
594 950 631 983 in
649 949 814 982 divorum
832 959 1034 989 numerum,
1053 950 1186 993 templa
1199 950 1303 983 multi
1318 949 1414 984 Scoti
1428 954 1628 988 erexerunt,
1644 960 1734 993 quae

332 1008 440 1042 etiam
459 1011 574 1042 aetate
593 1006 642 1040 H.
661 1006 805 1040 Boethii
827 1006 1146 1050 conspiciebantur,
1173 1011 1214 1041 ut
1240 1007 1314 1051 ipse
1340 1008 1392 1041 ait
1417 1007 1478 1041 lib.
1508 1016 1564 1040 lx.
1594 1006 1733 1040 Histor.

333 1064 471 1099 Scotiae
500 1076 581 1111 pag.
612 1073 752 1099 CLXVI.
805 1063 943 1098 Eadem
970 1063 1253 1110 Anglicanarum
1279 1076 1397 1099 rerum
1426 1069 1733 1104 commentatores,

335 1123 417 1157 licet
435 1124 535 1157 nulla
553 1122 811 1168 martyrologia
827 1126 1036 1161 memorent,
1063 1133 1143 1156 cum
1169 1127 1289 1156 tamen
1307 1123 1550 1169 diligentiores
1567 1122 1735 1156 nostrati-

333 1181 410 1220 bus,
429 1185 492 1215 aut
510 1185 604 1215 certe
621 1180 793 1214 feliciores
812 1190 952 1223 semper
969 1179 1114 1213 fuerint.
1166 1179 1337 1214 Servatus
1356 1185 1476 1215 autem
1496 1180 1732 1214 Constantino

338 1238 376 1272 in
394 1237 585 1278 Gareotha,
604 1242 645 1271 nt
663 1237 781 1277 audio,
799 1236 924 1276 honor,
943 1241 979 1271 et
997 1237 1035 1270 in
1054 1236 1207 1271 Gourea.
1261 1237 1411 1282 Scripsit

480 1295 734 1329 Meditationes
1228 1295 1289 1328 lib.
1310 1303 1336 1328 Ι.

480 1351 541 1386 Ad
560 1352 706 1386 Fratres
726 1351 906 1385 Homilias
1229 1352 1290 1386 lib.
1312 1360 1337 1385 1.

482 1409 536 1443 De
555 1409 683 1455 Regno
702 1409 833 1443 amisso
1230 1410 1291 1444 lib.
1313 1418 1339 1443 Ι.

482 1467 537 1501 De
556 1466 729 1501 Hostium
749 1477 896 1501 suorum
915 1467 1136 1501 crudelitate
1154 1466 1337 1511 Epistolas
1355 1467 1400 1501 ad
1411 1466 1637 1505 Conuallum,
1654 1472 1735 1502 ante

530 1525 815 1559 monachismum
833 1529 875 1559 ut
893 1525 1069 1565 existimo,
1233 1526 1294 1560 lib.
1315 1535 1341 1560 Ι.

483 1583 699 1617 Psalterium
1230 1583 1291 1617 lib.
1312 1593 1337 1617 1.

385 1640 541 1675 Vivebat
559 1651 652 1674 anno
671 1649 882 1674 DLXXVIII.
908 1640 975 1674 sub
999 1640 1172 1675 Conuallo
1195 1640 1354 1686 Eugenii
1373 1641 1443 1676 III.
1468 1641 1590 1682 fratre,
1616 1642 1736 1676 Scoto-

337 1711 418 1733 rum
450 1709 557 1744 rege;
596 1697 739 1732 sedebat
773 1697 909 1731 Romae
939 1698 1154 1740 Benedictus
1184 1698 1212 1732 I.
1253 1699 1450 1742 imperabat
1485 1699 1651 1733 Tiberius
1685 1700 1733 1733 ΙΙ.

336 1757 558 1790 Francorum
596 1766 660 1788 rex
699 1760 775 1789 erat
815 1754 1047 1799 Chilpericus.
1121 1755 1278 1799 Operum
1320 1757 1435 1800 apices
1477 1768 1521 1790 ex
1562 1757 1734 1803 Catalogo

335 1814 496 1848 Sconano
514 1813 634 1847 habui.

742 1928 777 1962 S.
805 1928 1196 1963 CONVALLANUS.
1250 1931 1331 1967 259.

338 2045 373 2079 S.
401 2045 726 2084 CONVALLANUS,
755 2044 1012 2078 monachorum
1038 2044 1101 2088 qui
1129 2045 1167 2078 in
1199 2045 1311 2079 Mona
1342 2045 1469 2085 insula,
1502 2056 1627 2091 regum
1655 2045 1734 2080 Sco-

336 2110 454 2138 torum
483 2105 678 2148 sepultura,
709 2103 767 2147 pie
802 2102 947 2137 Christo
981 2102 1197 2143 militabant,
1233 2103 1352 2143 abbas,
1390 2107 1411 2122 ‘⁵
1441 2103 1516 2138 vita
1550 2103 1732 2147 probatus,

338 2162 490 2207 insignis
509 2161 700 2201 doctrina,''
719 2161 770 2194 ait
796 2159 971 2194 Boethius
998 2160 1058 2193 lib.
1080 2170 1137 2194 IX.
1168 2160 1265 2195 Hist.
1286 2161 1379 2195 Scot.
1398 2172 1479 2207 pag.
1499 2170 1610 2196 CLIX.
1638 2173 1735 2196 sanc-

335 2225 455 2253 torum
482 2219 562 2252 albo
588 2218 774 2263 ascriptus,
805 2217 926 2252 Uvion
953 2219 1028 2252 loco
1055 2219 1216 2262 proxime
1246 2219 1391 2253 laudato
1423 2231 1466 2254 ex
1497 2219 1554 2254 Jo.
1587 2220 1734 2254 Leslaeo

335 2277 395 2310 lib.
426 2285 478 2310 lv.
508 2276 630 2322 Hujus
656 2287 765 2310 suasu
792 2277 905 2310 clerus
932 2275 1091 2310 Scoticus
1120 2277 1395 2320 supplicationes
1426 2277 1471 2312 ob
1503 2278 1638 2312 cladem
1669 2279 1734 2312 im—

334 2334 530 2368 minentem
573 2335 747 2375 solennes,
785 2345 805 2367 a
826 2334 886 2367 D.
923 2333 1101 2368 Mamerto
1144 2335 1306 2379 episcopo
1349 2334 1545 2369 Viennensi
1588 2336 1733 2370 institu-

335 2397 401 2432 tas,
434 2392 558 2426 lubens
586 2392 729 2436 recepit,
760 2403 889 2437 easque
919 2396 1041 2436 postea
1070 2392 1283 2427 universalis
1319 2393 1464 2427 ecclesia
1499 2399 1582 2427 ante
1617 2405 1735 2428 ascen-
