2032 2912
334 364 836 423 HISTORIAE
880 364 1651 421 ECCLESIASTICAE

627 466 911 515 GENTIS
951 465 1357 515 SCOTORUM

863 594 1048 635 LIBER
1078 595 1127 635 V.

819 744 854 780 S.
882 744 1038 779 EATA.
1092 747 1177 779 444.

292 861 327 896 S.
347 861 480 903 EATA,
499 862 574 896 sive
598 861 720 902 Eatta,
746 861 992 895 Mailrosensis
1016 860 1135 901 abbas,
1159 860 1265 896 Joan.
1286 861 1465 896 Trithem.
1490 863 1550 896 lib.
1573 871 1632 895 111.
1654 863 1697 895 de

290 919 369 955 Vir.
385 920 585 955 illustribus
600 919 748 953 Ordinis
762 918 799 953 S.
815 918 1001 952 Benedicti
1019 930 1094 963 cap.
1115 928 1241 953 CXXV.
1261 920 1356 964 quod
1374 931 1479 954 nemo
1498 924 1580 954 ante
1595 920 1696 953 illum

291 978 329 1011 in
360 978 552 1012 Britannia
582 977 775 1022 praestitit,
805 977 894 1010 duos
926 976 1034 1011 simul
1068 976 1293 1021 episcopatus
1324 977 1382 1022 pie
1417 978 1695 1012 administravit.

290 1035 410 1071 Verba
438 1035 620 1070 Francisci
652 1034 820 1069 Godwini
850 1045 1029 1079 apponam
1059 1045 1103 1068 ex
1136 1034 1403 1070 Commentario
1431 1036 1474 1070 de
1507 1035 1697 1080 Episcopis

289 1093 445 1140 Angliae
463 1105 545 1139 pag.
566 1101 677 1127 XCIV.
704 1097 726 1112 ‘⁶
744 1092 933 1127 Scotorum
957 1093 1134 1137 plurimis,
1161 1093 1223 1137 qui
1249 1105 1329 1135 cum
1349 1093 1547 1128 Colmanno
1565 1094 1602 1127 in
1620 1093 1698 1128 An-

289 1152 400 1197 gliam
424 1156 609 1191 venerant,
638 1162 720 1185 cum
751 1151 874 1185 eodem
900 1151 938 1184 in
965 1151 1120 1195 patriam
1145 1152 1310 1192 reversis,
1337 1152 1400 1196 qui
1426 1158 1698 1196 permanserant

289 1209 418 1254 reliqui
450 1209 657 1244 Mailrosiae
688 1209 935 1248 consederunt,
967 1209 1129 1243 abbatem
1167 1209 1234 1243 sibi
1266 1214 1524 1255 praeponentes
1553 1209 1697 1249 Eatam‚

288 1280 395 1313 quem
421 1269 550 1308 locum,
577 1267 776 1302 Colmanno
802 1272 962 1313 rogante,
991 1267 1161 1300 Oswinus
1188 1279 1252 1301 rex
1278 1269 1322 1301 iis
1349 1268 1559 1314 assignavit.
1615 1267 1696 1308 Hic,

290 1326 397 1360 Tuda
422 1325 601 1366 defuncto,
631 1330 706 1360 tam
739 1324 1040 1371 Hagustaldensis
1065 1336 1173 1369 quam
1199 1325 1504 1360 Lindisfarnensis
1527 1326 1698 1360 constitu-

290 1392 349 1419 tus
368 1388 423 1418 est
440 1384 638 1428 episcopus,
658 1388 693 1417 et
715 1387 907 1427 utramque
934 1383 1052 1417 sedem
1077 1394 1141 1427 per
1166 1383 1348 1418 biennium
1374 1384 1490 1425 rexit3
1516 1396 1587 1429 quo
1610 1389 1698 1419 tem-

289 1443 386 1487 poris
418 1442 536 1486 spatio
567 1441 680 1482 finito,
715 1440 1043 1487 Hagustaldensem
1078 1441 1279 1475 Tumberto
1310 1442 1451 1476 cuidam
1487 1442 1697 1488 resignavit.

290 1500 490 1535 Tumberto
508 1511 593 1534 vero
616 1511 680 1544 per
704 1499 881 1544 synodum
907 1498 1114 1533 Twifordae
1138 1505 1403 1545 congregatam,
1429 1512 1538 1545 quam
1557 1500 1602 1535 ob
1620 1512 1699 1535 cau-

290 1571 366 1594 sam
391 1559 520 1598 nescio,
550 1562 791 1598 exauctorato,
826 1557 1047 1591 Cuthbertus
1075 1557 1128 1590 illi
1155 1557 1373 1591 substitutus
1401 1564 1477 1592 est:
1505 1559 1566 1593 sed
1593 1558 1699 1599 Eata,

290 1630 371 1652 cum
389 1617 604 1662 intelligeret
624 1615 823 1650 Cuthberto
848 1616 963 1661 magis
988 1616 1085 1649 cordi
1111 1626 1186 1649 esse
1211 1615 1330 1649 sedem
1355 1615 1698 1657 Lindisfarnensem,

291 1677 414 1710 relicto
442 1675 494 1708 illi
524 1685 629 1719 quem
667 1674 896 1718 concupierat
923 1674 1143 1718 praesulatu,
1176 1673 1502 1719 Hagustaldensem
1531 1675 1698 1719 suscepit.

291 1734 400 1768 Anno
426 1733 512 1767 haec
540 1741 778 1766 DCLxxxlv.
808 1736 909 1778 gesta
940 1736 1036 1772 sunt,
1065 1743 1230 1776 annoque
1260 1731 1387 1766 deinde
1414 1733 1577 1778 sequenti
1605 1732 1699 1768 Eata

291 1793 434 1826 videtur
453 1792 563 1825 vitam
584 1802 663 1824 cum
683 1795 798 1825 morte
817 1790 1085 1824 commutasse.'⁷
1138 1789 1315 1824 Successit
1332 1790 1385 1824 illi
1404 1790 1439 1825 S.
1455 1791 1479 1824 J
1481 1803 1613 1825 oannes
1632 1791 1701 1826 Be-

294 1850 517 1890 verlacensis‚
538 1849 601 1894 qui
620 1853 701 1893 post
721 1848 1046 1894 Hagustaldensem
1073 1849 1203 1887 sedem,
1228 1847 1491 1884 Eboracensem
1515 1850 1631 1891 rexit3
1660 1855 1701 1884 ut

293 1920 336 1942 ex
356 1908 455 1942 Beda
472 1908 533 1942 lib.
556 1916 591 1941 V.
613 1907 807 1941 Historiar.
827 1906 980 1952 Anglor.
1001 1918 1076 1951 cap.
1098 1916 1140 1940 11.
1159 1907 1288 1941 recitat
1307 1906 1435 1942 Surius
1453 1913 1551 1942 tomo
1567 1917 1628 1942 ΙΙΙ.
1643 1909 1700 1942 die

294 1976 365 2000 vn.
387 1966 487 2000 Maii.

343 2023 403 2058 Ab
431 2023 620 2058 Alchfrido
651 2035 734 2069 rege
763 2024 881 2057 locum
909 2023 1118 2068 impetravit
1143 2024 1326 2058 condendo
1350 2025 1578 2066 monasterio,
1606 2026 1702 2070 quod

298 2081 520 2116 Mailrosiam
540 2082 673 2126 posteri
693 2086 890 2121 vocarunt;
910 2093 981 2126 quo
1000 2083 1139 2116 nullum
1159 2086 1376 2122 sanctorum,
1401 2094 1491 2127 quos
1510 2084 1611 2124 aluit,
1636 2095 1703 2118 nu-

296 2151 393 2173 mero
411 2140 599 2180 illustrius,
621 2151 692 2174 non
712 2139 749 2173 in
768 2139 931 2185 angustis
950 2141 1055 2174 modo
1074 2140 1286 2175 Britanniae
1305 2141 1490 2181 tractibus,
1509 2142 1571 2176 sed
1595 2153 1639 2176 ne
1664 2143 1702 2176 in

297 2197 465 2230 universa
482 2198 624 2242 quidem
645 2197 803 2242 Europa.
856 2196 944 2231 Vita
968 2197 1003 2232 S.
1024 2198 1216 2233 Cuthberti
1237 2210 1314 2243 cap.
1334 2208 1406 2233 VII.
1432 2200 1527 2244 apud
1554 2200 1700 2235 Surium

300 2259 385 2288 tom.
414 2263 474 2287 111.
502 2255 558 2288 die
585 2264 656 2288 xx.
678 2255 815 2290 Martii.
843 2255 936 2290 Vide
962 2258 1064 2301 plene
1088 2257 1126 2290 in
1151 2257 1274 2291 eadem
1298 2257 1374 2292 vita
1397 2269 1473 2303 cap.
1494 2267 1579 2293 XVI.
1601 2268 1701 2293 xxv.

298 2311 391 2358 Ejus
410 2317 462 2345 est

448 2369 589 2415 Regula
606 2371 650 2403 ad
670 2371 865 2406 Monachus
1245 2373 1307 2408 lib.
1328 2383 1354 2408 1.

450 2426 630 2461 Homiliae
1243 2431 1305 2466 lib.
1327 2440 1351 2465 Ι.
