2032 2912
361 493 864 550 HISTORIAE
906 492 1674 549 ECCLESIASTICAE

655 595 938 645 GENTIS
977 594 1379 654 SCOTQRUM

878 715 1064 755 LIBER
1093 715 1168 756 VI.

784 846 820 881 S.
849 846 1040 882 FAILBE
1047 848 1116 883 US.
1170 850 1255 883 503.

321 942 356 976 S.
376 942 598 982 FAILBEUS,
616 940 725 975 abbas
743 941 781 975 in
800 940 930 982 Trioit,
955 942 1111 976 mirabili
1135 942 1343 987 prophetiae
1368 941 1499 986 spiritu
1523 941 1662 981 claruit,
1686 946 1721 975 et

320 1002 434 1035 multa
451 1004 623 1034 eventura
641 999 868 1039 vaticinatus,
894 998 1020 1033 Scotus
1045 1004 1265 1047 memoratur
1289 1012 1310 1034 a
1328 999 1364 1033 S.
1383 998 1599 1033 Adamanno
1617 998 1722 1033 Scoto

320 1059 380 1092 lib.
401 1068 426 1092 1.
446 1058 489 1092 de
506 1056 593 1092 Vita
611 1056 647 1090 S.
666 1056 861 1091 Columbae
879 1068 955 1101 cap.
976 1066 1037 1092 111.
1056 1069 1162 1092 suum
1181 1058 1400 1092 decessorem
1419 1062 1535 1098 vocat,
1560 1061 1594 1092 et
1619 1069 1661 1091 ex
1681 1069 1721 1092 eo

320 1120 524 1151 mutuatum
549 1116 719 1160 pleraque
742 1126 865 1149 eorum
890 1114 1025 1150 fatetur
1051 1127 1141 1161 quae
1168 1116 1211 1150 de
1238 1120 1361 1150 sancto
1386 1116 1448 1150 illo
1472 1115 1589 1150 tribus
1619 1116 1721 1150 libris

320 1175 520 1219 scripserat.
574 1173 725 1218 Scripsit

469 1232 524 1266 De
542 1232 666 1266 futuro
683 1230 823 1266 Scotiae
841 1231 948 1266 Statu
1263 1231 1325 1267 lib.
1346 1241 1372 1266 1.

467 1290 562 1325 Acta
580 1290 615 1324 S.
636 1289 832 1324 Columbae
1265 1291 1326 1325 lib.
1347 1299 1372 1325 1.

370 1349 511 1383 Claruit
528 1360 622 1382 anno
641 1356 765 1381 DCXL.
784 1359 849 1382 nec
867 1349 972 1393 plura
989 1349 1032 1383 de
1051 1359 1103 1383 eo.
1144 1348 1286 1383 Colitur
1297 1357 1398 1383 XXV.
1418 1346 1442 1382 J
1444 1348 1596 1390 anuarii,
1616 1349 1722 1394 depo-

323 1407 413 1441 situs
434 1416 494 1440 111.
513 1406 536 1440 J
540 1406 626 1446 unii,
646 1414 700 1439 vr.
720 1406 847 1440 Octob.

798 1521 833 1556 S.
861 1521 1104 1557 FAUSTUS.
1157 1524 1241 1557 504.

321 1639 356 1673 S.
376 1639 574 1679 FAUSTUS,
601 1639 663 1684 qui
682 1638 824 1673 Latinis
843 1639 1028 1673 dicebatur
1046 1636 1264 1678 Faustinus,
1287 1637 1421 1673 Baron.
1450 1643 1537 1674 tom.
1558 1647 1613 1673 VI.
1645 1639 1723 1675 An-

321 1697 468 1737 nalium,
491 1694 685 1742 congellus
702 1698 797 1742 apud
816 1701 994 1731 nostrates
1013 1702 1077 1731 est.
1105 1696 1289 1730 Notkerus
1316 1696 1492 1731 Balbulus
1518 1697 1557 1732 in
1580 1697 1721 1744 Marty-

321 1757 432 1802 rolog.
453 1758 477 1774 “
498 1754 672 1789 Columba
689 1767 770 1790 eum
789 1756 962 1800 plurimos
981 1755 1185 1799 discipulos,
1211 1755 1267 1788 vel
1286 1755 1398 1789 socios
1418 1756 1619 1790 sanctitatis
1636 1767 1722 1791 suae

322 1825 492 1859 suppares
510 1813 704 1854 habuisset,
723 1825 836 1848 unum
863 1818 985 1848 tamen
1011 1812 1234 1859 Congellum‚
1261 1813 1394 1848 scilicet
1422 1813 1550 1848 Fausti
1576 1814 1721 1849 nomine

320 1873 508 1912 illustrem,
536 1876 800 1917 praeceptorem
832 1871 1028 1906 beatissimi
1065 1871 1297 1912 Columbanis
1322 1872 1499 1918 magistri,
1527 1872 1654 1917 patris,
1685 1877 1721 1908 et

321 1930 455 1965 domini
486 1931 599 1964 nostri
631 1930 736 1971 Galli,
768 1931 946 1964 virtutum
974 1942 1014 1964 ac
1040 1929 1250 1964 meritorum
1282 1930 1384 1975 quasi
1417 1930 1575 1971 unicum,
1604 1941 1721 1965 exem-

319 1989 378 2033 plo
397 1987 507 2028 Isaac,
526 1988 671 2032 reliquit
688 1988 907 2022 haeredem.'’
958 1986 1066 2022 Hunc
1084 1987 1163 2021 MS.
1189 1988 1299 2022 codex
1325 1989 1533 2023 monasterii
1560 1988 1596 2023 S.
1624 1987 1719 2023 Galli

321 2047 358 2080 in
378 2046 554 2080 Helvetiis
573 2044 756 2079 Faustum
773 2057 959 2091 perperam
979 2045 1132 2080 vocavit.
1186 2045 1285 2079 Idem
1309 2046 1368 2080 hic
1391 2046 1428 2080 S.
1453 2046 1648 2081 Columbae
1666 2057 1720 2081 so-

321 2104 406 2144 cius,
435 2104 470 2138 S.
490 2104 702 2138 Columbani
729 2104 910 2150 magister,
939 2104 1127 2150 Regiensis
1145 2104 1183 2137 in
1210 2103 1337 2138 Galliis
1363 2104 1434 2139 fuit
1459 2105 1656 2150 episcopus,
1684 2110 1720 2139 et

323 2161 521 2196 Lirinensis
539 2162 646 2196 abbas
666 2162 703 2196 in
723 2162 847 2197 Insula
864 2162 1072 2203 Eremitica,
1089 2162 1317 2197 concionator
1329 2162 1515 2197 facundus.
1563 2162 1622 2197 Ad
1638 2175 1719 2197 eum

322 2220 444 2253 scribit
470 2219 591 2254 Sidon.
619 2220 841 2265 Apollinaris
872 2221 932 2255 lib.
962 2229 1019 2254 lx.
1047 2221 1150 2266 epist.
1181 2230 1240 2255 111.
1298 2220 1459 2257 Gennad.
1492 2221 1535 2256 de
1565 2220 1644 2256 Vir.
1677 2222 1719 2256 il-

320 2277 460 2312 lustrib.
496 2290 572 2323 cap.
605 2288 780 2313 Lxxxlv.
843 2279 940 2314 Male
974 2277 1165 2313 Reiensem
1200 2280 1405 2325 episcopum
1440 2291 1506 2325 pro
1542 2278 1721 2326 Regiensi

322 2334 428 2369 habet
463 2337 655 2382 epigraphe
689 2337 856 2371 carminis
887 2347 974 2371 XVI.
1010 2339 1105 2382 apud
1136 2337 1335 2372 Sidonium.
1398 2338 1527 2373 Multis
1560 2338 1720 2373 Christo-

321 2392 455 2436 phorus
482 2393 674 2428 Browerus
701 2396 745 2429 ad
771 2394 993 2430 Venantium
1020 2395 1261 2430 Fortunatum
1289 2396 1349 2431 lib.
1378 2405 1415 2430 V.
1442 2407 1524 2443 pag.
1553 2405 1717 2431 CXXXII.

320 2450 535 2496 Anonymus
576 2457 700 2487 auctor
736 2453 774 2486 in
810 2452 898 2487 Vita
937 2453 973 2487 S.
1010 2453 1217 2500 Fulgentii:
1261 2458 1283 2473 “
1312 2453 1399 2489 Fuit
1434 2459 1511 2488 tum
1547 2454 1717 2498 temporis
