2032 2912
358 306 399 337 92
737 298 968 331 HISTORIA
992 295 1367 329 ECCLESIASTICA

361 399 478 433 Aliter
495 406 577 430 vero
595 394 699 428 iidem
718 391 840 436 Varoy
857 391 1019 432 audiunt,
1037 396 1079 426 ut
1095 391 1187 425 libro
1205 398 1293 424 XIX.
1319 387 1426 425 infra.
1477 388 1617 433 Scripta
1641 390 1751 433 perie-

362 460 455 490 runt.
507 451 661 486 Vivebat
678 459 772 483 anno
790 457 879 483 Dee.
898 452 940 483 ut
957 449 1134 483 existimo.

875 546 911 581 S.
939 546 1090 583 BEGA.
1144 546 1226 582 163.

360 625 394 658 S.
414 623 544 662 Besa,
569 621 672 668 virgo
694 622 800 667 longe
822 621 1055 663 sanctissima,
1078 632 1151 656 non
1175 621 1331 656 Scotiam
1355 621 1471 662 modo,
1496 621 1558 655 sed
1582 627 1617 655 et
1636 625 1751 655 totum

359 679 633 726 septentrionem
651 678 797 713 mirifice
814 679 1012 713 illustravit
1027 692 1038 723 ς
1067 690 1151 713 nam
1169 680 1208 713 in
1225 678 1361 725 Anglia
1386 679 1558 713 comitatu
1582 678 1754 712 Cumbria

358 747 459 772 mons
473 740 507 770 et
520 736 805 780 promontorium
817 736 1061 770 vastissimum
1073 737 1150 782 ejus
1164 747 1294 771 nomen
1305 741 1414 777 tenet,
1426 737 1535 782 vulgo
1546 734 1585 770 S.
1598 734 1707 775 Bees,
1719 740 1753 769 et

359 796 395 828 in
407 793 575 828 ulteriore
587 793 707 827 oceani
719 797 837 828 tractu
847 792 912 826 “N
913 794 1089 839 orvegia,''
1100 793 1220 838 inquit
1231 792 1375 833 Lazius,
1387 798 1409 813 ‘⁶
1419 793 1521 838 quasi
1533 792 1715 838 Norbegia
1725 793 1752 826 :²³

360 858 394 885 et
407 851 492 884 haec
506 851 618 884 altera
631 849 792 890 Claudia,
807 850 1003 890 Maxentia,
1018 850 1234 889 Mechtildis,
1249 849 1352 894 Syra,
1369 848 1592 894 Walpurgis‚
1610 849 1751 889 Ursula,

361 908 556 948 Pandiona,
576 906 739 952 Brigida,
757 906 947 946 Chuvilda,
965 906 1088 948 Daria,
1106 906 1345 946 Dardulacha,
1363 905 1538 946 Emerita,
1557 905 1752 946 Findocha,

359 965 491 1004 Macra,
518 963 701 1004 Geresina,
728 963 905 1004 Modesta,
933 963 1048 1004 Odda,
1075 964 1272 1008 Promptia,
1300 963 1507 1002 Possennia,
1540 962 1753 1003 Sanctanna,

360 1022 548 1062 Richarda,
577 1019 773 1067 Taraghta,
802 1020 999 1060 Summiva,
1026 1020 1265 1061 Erentrudis3
1298 1031 1381 1054 nam
1406 1020 1521 1054 omnis
1545 1019 1611 1053 hae
1637 1019 1756 1053 Scotia

361 1079 540 1119 oriundae,
568 1078 684 1123 patria
709 1088 774 1111 sua
799 1088 972 1123 egressae,
1002 1077 1243 1111 incredibilem
1275 1077 1439 1112 ecclesiae
1469 1077 1646 1111 fervorem
1677 1088 1757 1122 ope-

360 1147 506 1180 ramque
523 1135 772 1174 exhibuerunt,
790 1138 831 1169 ut
850 1134 1006 1168 dubitari
1024 1139 1155 1179 posset,
1172 1139 1254 1170 uter
1271 1145 1377 1169 sexus
1392 1134 1530 1175 fortior,
1544 1135 1755 1180 gloriosior3

361 1199 395 1228 et
412 1193 468 1226 his
481 1193 564 1238 jure
581 1192 708 1226 merito
727 1191 827 1238 Bega
844 1196 1110 1232 annumeretur,
1129 1203 1220 1237 quae
1238 1193 1409 1227 miracula
1426 1192 1464 1226 in
1482 1191 1618 1238 Anglia
1634 1203 1758 1236 perpe-

360 1250 466 1285 trarit
483 1250 589 1284 etiam
607 1249 712 1283 hodie
730 1249 939 1283 admiranda
962 1249 1057 1293 apud
1079 1250 1175 1294 ipsos
1197 1250 1406 1290 haereticos,
1430 1260 1513 1284 nam
1537 1255 1683 1284 taurum
1710 1250 1759 1284 fe-

361 1318 440 1342 rum
455 1306 635 1346 cicuravit‚
651 1311 686 1341 et
700 1306 882 1340 elementis
897 1306 1084 1341 sanctitate
1099 1307 1303 1352 imperavit,
1318 1308 1445 1353 hyeme
1463 1308 1626 1346 calorem,
1645 1313 1756 1343 aesta-

361 1371 396 1399 te
410 1364 509 1398 nives
522 1364 726 1407 impetrans,
742 1363 836 1408 quod
851 1362 1063 1404 Camdenus,
1077 1365 1159 1400 licet
1170 1365 1379 1405 haereticus,
1393 1376 1465 1399 non
1476 1364 1583 1399 audet
1594 1365 1755 1405 inficiari,

361 1433 442 1468 pag.
474 1429 680 1455 Decexxx.
732 1420 887 1455 Demum
918 1426 999 1466 post
1029 1427 1084 1456 tot
1113 1423 1334 1469 propagandi
1365 1423 1541 1469 evangelii
1573 1433 1679 1457 causa
1709 1425 1758 1457 la-

361 1479 463 1513 bores
481 1482 658 1522 susceptos
677 1478 782 1512 rediit
800 1479 838 1512 in
861 1477 1028 1520 Scotiam‚
1051 1484 1086 1514 et
1110 1480 1148 1514 in
1172 1479 1418 1526 Kuningamia
1439 1479 1585 1525 regione
1611 1481 1757 1514 sanctis-

363 1537 451 1570 sime
475 1536 562 1570 obiit
583 1536 658 1570 loco
676 1536 737 1580 qui
755 1535 800 1570 ab
818 1547 859 1570 ea
876 1535 1028 1582 Kilbege
1045 1549 1140 1572 nunc
1157 1537 1299 1571 dicitur.
1352 1536 1396 1571 In
1415 1548 1486 1581 qua
1510 1548 1596 1571 voce
1614 1548 1758 1582 corrup-

362 1599 420 1628 tus
452 1593 650 1639 Ingulphus
683 1593 958 1639 Croylandensis
990 1594 1129 1629 Histor.
1161 1606 1242 1641 pag.
1267 1602 1354 1629 D1X.
1388 1599 1410 1614 “
1435 1594 1618 1629 Siwardus
1650 1595 1757 1629 abbas

365 1649 513 1685 Sanctae
531 1650 647 1696 Pegae
662 1649 693 1684 :”
719 1651 781 1685 sed
798 1652 875 1697 lege
893 1650 1035 1697 Regae.
1087 1651 1237 1697 Scripsit

508 1707 562 1741 De
580 1707 657 1742 Deo
675 1719 761 1742 vero
780 1709 824 1742 ad
842 1708 1060 1743 Orcadianos
1207 1710 1268 1744 lib.
1289 1719 1315 1744 1.

509 1765 714 1799 Formulam
734 1765 885 1799 Precum
905 1766 949 1799 ad
967 1765 1090 1801 Dauos
1202 1768 1263 1802 lib.
1283 1777 1308 1801 1.
1351 1766 1530 1802 Henricus
1563 1767 1755 1802 Sinclarus.

557 1821 640 1856 Non
658 1823 731 1856 vidi
750 1834 841 1867 quae
860 1822 1013 1857 Balaeus
1031 1824 1202 1870 assignat.

414 1879 551 1914 Claruit
570 1891 662 1914 anno
681 1889 909 1914 DCCLXXIV.
927 1886 1099 1926 regnante
1118 1882 1303 1917 Soluathio
1322 1883 1359 1917 in
1379 1882 1508 1917 Scotia.
1549 1882 1689 1916 Colitur
1703 1891 1757 1916 vl.

366 1936 542 1981 Septemb.
569 1936 705 1971 Errant
731 1938 793 1982 qui
819 1938 911 1972 hanc
937 1949 1015 1971 cum
1044 1939 1122 1984 Bey
1148 1940 1287 1986 virgine
1314 1940 1548 1980 confundunt,
1574 1951 1658 1974 nam
1677 1941 1757 1979 ista,

367 1993 531 2028 Donaldo
561 1994 626 2028 VI.
666 1995 742 2040 regi
773 2000 898 2029 nostro
927 1995 1126 2037 familiaris,
1159 2006 1184 2031 1.
1215 1997 1390 2032 Novemb.
1423 1997 1575 2039 colitur-3
1615 2009 1659 2031 ex
1689 2009 1759 2042 quo

366 2052 477 2096 liquet
502 2063 559 2085 eas
585 2052 725 2086 differre
751 2057 867 2086 aetate
896 2062 1040 2086 CXXIV.
1067 2065 1254 2089 annorum.
1321 2054 1438 2089 Hodie
1469 2055 1563 2099 apud
1594 2054 1755 2101 Kilbege,

367 2109 404 2142 id
421 2113 483 2149 est,
502 2110 621 2143 cellam
641 2109 770 2156 Begae,
790 2110 962 2144 memoria
979 2110 1110 2145 dicitur
1128 2118 1259 2146 extare.

823 2208 859 2244 S.
886 2207 1159 2243 BENIGNUS.
1214 2209 1295 2245 164.

372 2278 407 2312 S.
432 2278 661 2319 BENIGNUS,
692 2281 870 2316 confessor
900 2287 935 2316 et
964 2281 1160 2326 presbyter,
1192 2284 1363 2330 magister
1394 2289 1429 2319 et
1460 2285 1629 2319 educator
1659 2297 1758 2320 sanc-

372 2335 499 2369 tissimi
525 2336 593 2368 viri
619 2339 800 2381 apostolici
826 2339 960 2380 Livini,
985 2340 1047 2384 qui
1075 2340 1114 2373 in
1140 2339 1266 2386 Belgio
1297 2347 1435 2387 martyr
1466 2341 1630 2376 Gandavi
1661 2343 1758 2387 quie-

372 2392 448 2431 scit,
466 2396 507 2425 ut
524 2396 647 2426 notum
666 2395 741 2439 ejus
758 2394 856 2436 Vita,
874 2397 975 2442 cujus
994 2401 1117 2432 auctor
1135 2396 1169 2430 S.
1189 2397 1408 2439 Bonifacius,
1428 2404 1464 2434 et
1477 2400 1639 2434 meminit
1652 2399 1756 2434 Joan.

373 2448 538 2483 Molanus
558 2448 718 2486 Indieulo
736 2451 945 2488 Sanctorum
964 2454 1080 2501 Belgii
1098 2466 1132 2499 p.
1153 2464 1249 2489 XLV.
1302 2456 1442 2502 Scripta
1460 2456 1728 2492 interciderunt.
