2032 2912
726 348 902 381 GENTIS
926 348 1204 388 SCOTORUM‚
1229 348 1318 381 LIB.
1344 348 1403 380 IV.
1699 349 1762 379 203

376 441 526 487 Scripsit

522 499 708 533 Sermones
726 500 771 533 ad
789 499 935 534 Fratres
1315 501 1375 534 lib.
1397 510 1422 534 1.

523 556 672 591 Sanctae
689 556 796 591 Vitae
815 557 993 602 Regulam
1313 558 1374 592 lib.
1395 566 1420 591 1.

522 613 705 658 Epistolas
723 614 768 647 ad
786 613 997 648 Columbam
1014 614 1228 659 magistrum
1312 615 1374 648 lib.
1394 624 1420 648 1.

523 670 778 705 Meditationes
1314 671 1376 705 lib.
1397 681 1422 705 1.

424 727 527 762 Vixit
540 739 634 762 anno
648 736 758 762 DCVI.
793 727 817 761 J
819 739 949 762 oannes
963 727 1132 761 Leslaeus
1145 727 1205 762 lib.
1223 736 1277 762 IV.
1292 739 1373 774 pag.
1389 737 1486 763 CLII.
1522 728 1661 764 Colitur
1674 738 1762 764 XXI.

374 784 523 829 Aprilis.

837 882 873 917 S.
900 882 1163 917 DICULLUS.
1217 883 1299 918 368.

374 956 410 990 S.
435 956 647 991 DICULLUS
670 957 866 1002 presbyter,
893 956 929 991 S.
957 957 1106 991 Fursaei
1132 959 1276 1004 collega,
1302 969 1347 992 ex
1372 957 1492 993 Scotia
1516 970 1598 993 eum
1622 960 1660 993 in
1683 959 1766 994 Gal-

374 1014 458 1048 liam
478 1019 630 1062 secutus‚
648 1014 864 1049 monasterio
882 1014 926 1048 ab
943 1014 1005 1048 illo
1029 1019 1082 1049 est
1105 1015 1340 1060 praepositus,
1365 1020 1400 1049 et
1425 1026 1529 1050 curae
1553 1017 1763 1057 animarum,

374 1072 460 1106 dum
490 1072 771 1106 anachoreticam
803 1072 916 1106 vitam
947 1072 1006 1105 ille
1033 1073 1176 1119 eligens,
1205 1074 1328 1116 procul
1353 1084 1375 1107 a
1403 1074 1530 1107 mundi
1560 1078 1765 1118 contemptu

373 1133 408 1163 et
426 1129 597 1163 illecebris
615 1130 800 1163 secederet.
821 1129 921 1163 Beda
938 1129 998 1163 lib.
1019 1138 1079 1163 111.
1100 1129 1238 1164 Histor.
1254 1130 1390 1164 Eccles.
1409 1130 1560 1177 Anglor.
1579 1142 1655 1175 cap.
1674 1140 1764 1165 xlx.

373 1185 640 1220 Sanctissimam
675 1187 752 1231 ejus
787 1187 1157 1221 commemorationem
1197 1187 1283 1221 facit
1322 1188 1474 1234 insignis
1514 1189 1658 1222 ecclesia
1699 1189 1766 1223 Pe-

373 1245 534 1278 ronensis
558 1245 595 1278 in
620 1244 784 1284 Morinis,
808 1245 869 1278 sed
892 1256 964 1289 quo
987 1245 1055 1284 die,
1079 1245 1216 1285 nescio3
1241 1250 1330 1289 puto
1351 1254 1436 1279 xvl.
1461 1243 1624 1279 Januarii
1642 1245 1766 1289 ipsius,

373 1307 415 1336 ut
438 1307 474 1336 et
496 1302 542 1335 D.
568 1302 729 1341 Fursaei,
752 1302 903 1336 aliorum
927 1302 1034 1336 etiam
1061 1302 1221 1336 omnium
1246 1303 1308 1346 qui
1335 1313 1415 1336 cum
1440 1302 1502 1336 illo
1528 1306 1699 1336 venerant
1723 1313 1768 1336 ex

373 1359 502 1398 Scotia,
530 1359 779 1392 solennitatem
807 1359 987 1393 celebrari.
1039 1359 1094 1393 De
1119 1359 1164 1393 iis
1192 1363 1285 1393 certe
1313 1359 1477 1393 omnibus
1507 1359 1607 1392 Beda
1635 1359 1767 1393 librum

373 1415 553 1459 promittit
569 1417 645 1449 loco
662 1415 817 1455 laudato,
836 1417 896 1449 sed
914 1427 986 1450 non
1003 1415 1147 1460 prodiit,
1166 1416 1222 1449 vel
1246 1416 1393 1455 interiit,
1418 1416 1592 1460 siquidem
1610 1416 1649 1449 in
1666 1426 1707 1449 ea
1729 1414 1765 1448 S.

373 1472 533 1512 Fursaei,
552 1483 660 1517 quam
679 1472 807 1506 Surius
826 1477 911 1507 tom.
932 1482 957 1506 1.
977 1473 1099 1513 edidit,
1118 1473 1205 1513 vita,
1225 1484 1269 1507 ne
1288 1473 1437 1507 verbum
1450 1472 1594 1517 quidem
1608 1472 1650 1506 de
1664 1472 1767 1507 sociis

372 1530 498 1575 ipsius.
552 1529 645 1576 Ejus
663 1535 717 1564 est

522 1586 719 1622 Instructio
737 1588 782 1621 ad
800 1587 995 1622 Monachos
1277 1588 1337 1622 lib.
1358 1597 1383 1622 1.
1402 1591 1583 1622 asservata
1600 1587 1765 1633 religiosa

572 1655 656 1679 cura
675 1644 845 1678 Peronae.

424 1702 565 1736 Floruit
582 1712 676 1735 anno
694 1710 785 1735 DCL.

852 1800 888 1834 S.
915 1799 1146 1834 DYMPNA.
1201 1798 1283 1838 369.

376 1875 411 1909 S.
443 1874 642 1914 DYMPNA,
678 1875 771 1920 regis
803 1874 998 1908 Hiberniae
1028 1874 1111 1914 filia,
1141 1886 1163 1908 a
1195 1879 1295 1918 patre
1325 1885 1389 1908 suo
1420 1875 1606 1908 idololatra
1636 1879 1763 1913 amata,

374 1932 595 1977 aliquamdiu
613 1932 649 1965 in
669 1931 786 1965 Scotia
805 1932 954 1971 vixerat,
976 1936 1009 1966 et
1037 1932 1203 1976 pietatem
1227 1931 1426 1971 imbiberat,
1451 1932 1763 1977 virginitatemque

374 1989 451 2024 Deo
469 1993 628 2023 voverat.
672 1988 732 2022 An
751 1990 886 2033 aliquid
904 1990 1094 2033 scripserit,
1113 1989 1298 2022 incertum.
1343 1989 1452 2023 Passa
1466 1994 1519 2022 est
1533 2000 1573 2022 eo
1587 2000 1679 2022 anno
1694 2000 1764 2033 quo

376 2046 494 2081 Scotia
510 2046 670 2085 excessit,
691 2054 842 2080 DCCXX.
896 2045 1035 2080 Colitur
1053 2054 1121 2080 xv,
1142 2046 1242 2080 Maii.
1295 2046 1446 2081 Gilberti
1461 2046 1575 2080 Bruni
1594 2046 1764 2080 Calenda-

374 2115 478 2138 rium.

822 2203 857 2236 S.
886 2202 1191 2236 DONORTIUS.
1245 2205 1327 2240 370.

376 2277 411 2311 S.
430 2277 684 2317 DONORTIUS,
708 2278 892 2322 episcopus
912 2277 1198 2316 Murthlacensis,
1223 2287 1353 2322 magna
1375 2276 1575 2310 sanctitatis
1597 2277 1761 2320 opinione

375 2335 541 2368 successit
560 2334 595 2368 S.
616 2335 749 2375 Beano,
768 2336 830 2379 qui
847 2335 983 2379 primus
1002 2335 1039 2367 in
1057 2345 1098 2367 ea
1115 2334 1259 2367 ecclesia
1277 2334 1426 2367 sederat.
1465 2333 1568 2367 Hect.
1589 2333 1762 2367 Boethius

375 2392 437 2426 lib.
457 2401 513 2425 XI.
534 2392 631 2426 Hist.
651 2392 744 2426 Scot.
764 2403 844 2438 pag.
865 2400 1012 2426 CCXLv.
1037 2398 1072 2425 et
1095 2391 1132 2424 in
1156 2392 1215 2426 lib.
1240 2392 1283 2425 de
1302 2390 1516 2425 Pontificum
1533 2390 1761 2425 Aberdonen-

376 2450 468 2483 sium
495 2449 592 2489 Vita,
624 2461 707 2483 nam
735 2449 1012 2484 Murthlacensis
1039 2450 1212 2483 translata
1238 2453 1291 2483 est
1316 2448 1558 2483 Aberdoniam
1584 2448 1760 2483 cathedra.

376 2506 526 2551 Scripsit
544 2506 740 2541 Donortius
