<?xml version="1.0" encoding="UTF-8"?>
<!DOCTYPE html PUBLIC "-//W3C//DTD XHTML 1.0 Transitional//EN"
    "http://www.w3.org/TR/xhtml1/DTD/xhtml1-transitional.dtd">
<html xmlns="http://www.w3.org/1999/xhtml" xml:lang="en" lang="en">
 <head>
  <title>
</title>
<meta http-equiv="Content-Type" content="text/html;charset=utf-8" />
  <meta name='ocr-system' content='tesseract 3.04.00' />
  <meta name='ocr-capabilities' content='ocr_page ocr_carea ocr_par ocr_line ocrx_word'/>
</head>
<body>
  <div class='ocr_page' id='page_1' title='image "./thomaedempste2101dempuoft_0023.png"; bbox 0 0 2044 2992; ppageno 0'>
   <div class='ocr_carea' id='block_1_1' title="bbox 1065 373 1089 399">
    <p class='ocr_par' dir='ltr' id='par_1_1' title="bbox 1065 373 1089 399">
     <span class='ocr_line' id='line_1_1' title="bbox 1065 373 1089 399; baseline 0 0"><span class='ocrx_word' id='word_1_1' title='bbox 1065 373 1089 399; x_wconf 88' lang='lat' dir='ltr'>V</span> 
     </span>
    </p>
   </div>
   <div class='ocr_carea' id='block_1_2' title="bbox 371 463 1759 2490">
    <p class='ocr_par' dir='ltr' id='par_1_2' title="bbox 371 463 1759 2490">
     <span class='ocr_line' id='line_1_2' title="bbox 381 463 1756 517; baseline -0.002 -11"><span class='ocrx_word' id='word_1_2' title='bbox 381 465 556 506; x_wconf 80' lang='lat' dir='ltr'>salutem</span> <span class='ocrx_word' id='word_1_3' title='bbox 586 479 632 506; x_wconf 89' lang='lat' dir='ltr'>ac</span> <span class='ocrx_word' id='word_1_4' title='bbox 661 465 788 504; x_wconf 87' lang='lat' dir='ltr'>vitam</span> <span class='ocrx_word' id='word_1_5' title='bbox 821 464 864 503; x_wconf 92' lang='lat' dir='ltr'>in</span> <span class='ocrx_word' id='word_1_6' title='bbox 895 463 1085 503; x_wconf 87' lang='lat' dir='ltr'>beneficii</span> <span class='ocrx_word' id='word_1_7' title='bbox 1116 464 1356 517; x_wconf 80' lang='lat' dir='ltr'>gratiaeque</span> <span class='ocrx_word' id='word_1_8' title='bbox 1390 463 1481 503; x_wconf 90' lang='lat' dir='ltr'>loco</span> <span class='ocrx_word' id='word_1_9' title='bbox 1514 464 1756 517; x_wconf 87' lang='lat' dir='ltr'>deposcere;</span> 
     </span>
     <span class='ocr_line' id='line_1_3' title="bbox 382 526 1758 583; baseline -0.002 -15"><span class='ocrx_word' id='word_1_10' title='bbox 382 544 463 583; x_wconf 93' lang='lat' dir='ltr'>qua</span> <span class='ocrx_word' id='word_1_11' title='bbox 497 529 726 582; x_wconf 90' lang='lat' dir='ltr'>impetrata,</span> <span class='ocrx_word' id='word_1_12' title='bbox 758 526 1031 566; x_wconf 90' lang='lat' dir='ltr'>nihilominus</span> <span class='ocrx_word' id='word_1_13' title='bbox 1062 527 1226 567; x_wconf 90' lang='lat' dir='ltr'>obtorta</span> <span class='ocrx_word' id='word_1_14' title='bbox 1257 526 1356 581; x_wconf 87' lang='lat' dir='ltr'>gula</span> <span class='ocrx_word' id='word_1_15' title='bbox 1386 527 1545 581; x_wconf 79' lang='lat' dir='ltr'>abrepti</span> <span class='ocrx_word' id='word_1_16' title='bbox 1581 533 1680 567; x_wconf 90' lang='lat' dir='ltr'>sunt</span> <span class='ocrx_word' id='word_1_17' title='bbox 1714 527 1758 565; x_wconf 91' lang='lat' dir='ltr'>in</span> 
     </span>
     <span class='ocr_line' id='line_1_4' title="bbox 381 590 1755 645; baseline -0.002 -13"><span class='ocrx_word' id='word_1_18' title='bbox 381 593 528 632; x_wconf 87' lang='lat' dir='ltr'>turrim</span> <span class='ocrx_word' id='word_1_19' title='bbox 549 591 860 645; x_wconf 88' lang='lat' dir='ltr'>campanariam,</span> <span class='ocrx_word' id='word_1_20' title='bbox 888 590 1028 644; x_wconf 90' lang='lat' dir='ltr'>ibique</span> <span class='ocrx_word' id='word_1_21' title='bbox 1055 590 1299 644; x_wconf 82' lang='lat' dir='ltr'>aliquandiu</span> <span class='ocrx_word' id='word_1_22' title='bbox 1326 591 1370 630; x_wconf 88' lang='lat' dir='ltr'>in</span> <span class='ocrx_word' id='word_1_23' title='bbox 1397 590 1573 631; x_wconf 89' lang='lat' dir='ltr'>vinculis</span> <span class='ocrx_word' id='word_1_24' title='bbox 1599 590 1755 635; x_wconf 88' lang='lat' dir='ltr'>habiti;</span> 
     </span>
     <span class='ocr_line' id='line_1_5' title="bbox 379 654 1759 708; baseline -0.001 -13"><span class='ocrx_word' id='word_1_25' title='bbox 379 656 450 696; x_wconf 91' lang='lat' dir='ltr'>sed</span> <span class='ocrx_word' id='word_1_26' title='bbox 470 670 520 695; x_wconf 87' lang='lat' dir='ltr'>ex</span> <span class='ocrx_word' id='word_1_27' title='bbox 540 656 589 695; x_wconf 92' lang='lat' dir='ltr'>iis</span> <span class='ocrx_word' id='word_1_28' title='bbox 609 655 779 695; x_wconf 89' lang='lat' dir='ltr'>tandem</span> <span class='ocrx_word' id='word_1_29' title='bbox 801 654 994 708; x_wconf 86' lang='lat' dir='ltr'>exempti,</span> <span class='ocrx_word' id='word_1_30' title='bbox 1015 654 1067 693; x_wconf 92' lang='lat' dir='ltr'>de</span> <span class='ocrx_word' id='word_1_31' title='bbox 1088 654 1268 693; x_wconf 88' lang='lat' dir='ltr'>hominis</span> <span class='ocrx_word' id='word_1_32' title='bbox 1288 654 1373 693; x_wconf 89' lang='lat' dir='ltr'>vita</span> <span class='ocrx_word' id='word_1_33' title='bbox 1393 660 1436 694; x_wconf 92' lang='lat' dir='ltr'>et</span> <span class='ocrx_word' id='word_1_34' title='bbox 1454 655 1651 702; x_wconf 90' lang='lat' dir='ltr'>moribus,</span> <span class='ocrx_word' id='word_1_35' title='bbox 1680 660 1759 694; x_wconf 84' lang='lat' dir='ltr'>tes-</span> 
     </span>
     <span class='ocr_line' id='line_1_6' title="bbox 377 717 1759 771; baseline -0.001 -13"><span class='ocrx_word' id='word_1_36' title='bbox 377 726 438 758; x_wconf 90' lang='lat' dir='ltr'>tes</span> <span class='ocrx_word' id='word_1_37' title='bbox 459 719 627 759; x_wconf 87' lang='lat' dir='ltr'>idoneos</span> <span class='ocrx_word' id='word_1_38' title='bbox 648 718 971 771; x_wconf 82' lang='lat' dir='ltr'>interrogandos,</span> <span class='ocrx_word' id='word_1_39' title='bbox 992 731 1220 770; x_wconf 91' lang='lat' dir='ltr'>eorumque</span> <span class='ocrx_word' id='word_1_40' title='bbox 1240 717 1353 756; x_wconf 88' lang='lat' dir='ltr'>dicta</span> <span class='ocrx_word' id='word_1_41' title='bbox 1372 717 1416 756; x_wconf 93' lang='lat' dir='ltr'>in</span> <span class='ocrx_word' id='word_1_42' title='bbox 1434 717 1619 770; x_wconf 87' lang='lat' dir='ltr'>publicas</span> <span class='ocrx_word' id='word_1_43' title='bbox 1640 718 1759 757; x_wconf 80' lang='lat' dir='ltr'>tabu-</span> 
     </span>
     <span class='ocr_line' id='line_1_7' title="bbox 378 781 1758 834; baseline -0.001 -13"><span class='ocrx_word' id='word_1_44' title='bbox 378 782 436 822; x_wconf 93' lang='lat' dir='ltr'>las</span> <span class='ocrx_word' id='word_1_45' title='bbox 457 783 672 823; x_wconf 90' lang='lat' dir='ltr'>referenda</span> <span class='ocrx_word' id='word_1_46' title='bbox 692 788 904 822; x_wconf 89' lang='lat' dir='ltr'>curarunt.</span> <span class='ocrx_word' id='word_1_47' title='bbox 962 782 1098 825; x_wconf 86' lang='lat' dir='ltr'>Quam</span> <span class='ocrx_word' id='word_1_48' title='bbox 1120 786 1305 820; x_wconf 84' lang='lat' dir='ltr'>exortam</span> <span class='ocrx_word' id='word_1_49' title='bbox 1326 781 1370 820; x_wconf 90' lang='lat' dir='ltr'>in</span> <span class='ocrx_word' id='word_1_50' title='bbox 1396 794 1438 820; x_wconf 87' lang='lat' dir='ltr'>se</span> <span class='ocrx_word' id='word_1_51' title='bbox 1466 786 1758 834; x_wconf 83' lang='lat' dir='ltr'>tempestatem</span> 
     </span>
     <span class='ocr_line' id='line_1_8' title="bbox 377 839 1755 899; baseline -0.002 -13"><span class='ocrx_word' id='word_1_52' title='bbox 377 852 425 885; x_wconf 87' lang='lat' dir='ltr'>ut</span> <span class='ocrx_word' id='word_1_53' title='bbox 446 844 631 894; x_wconf 70' lang='lat' dir='ltr'>evitaret,</span> <span class='ocrx_word' id='word_1_54' title='bbox 652 839 696 886; x_wconf 82' lang='lat' dir='ltr'>in</span> <span class='ocrx_word' id='word_1_55' title='bbox 718 845 923 899; x_wconf 91' lang='lat' dir='ltr'>Angliam,</span> <span class='ocrx_word' id='word_1_56' title='bbox 944 851 1144 898; x_wconf 89' lang='lat' dir='ltr'>tanquam</span> <span class='ocrx_word' id='word_1_57' title='bbox 1165 841 1216 884; x_wconf 75' lang='lat' dir='ltr'>in¹</span> <span class='ocrx_word' id='word_1_58' title='bbox 1229 843 1625 898; x_wconf 70' lang='lat' dir='ltr'>portum,&#39;confugit.</span> <span class='ocrx_word' id='word_1_59' title='bbox 1674 845 1755 884; x_wconf 87' lang='lat' dir='ltr'>Ubi</span> 
     </span>
     <span class='ocr_line' id='line_1_9' title="bbox 378 908 1756 962; baseline -0.001 -13"><span class='ocrx_word' id='word_1_60' title='bbox 378 924 461 949; x_wconf 92' lang='lat' dir='ltr'>non</span> <span class='ocrx_word' id='word_1_61' title='bbox 489 911 612 950; x_wconf 91' lang='lat' dir='ltr'>modo</span> <span class='ocrx_word' id='word_1_62' title='bbox 640 916 782 950; x_wconf 92' lang='lat' dir='ltr'>tutum</span> <span class='ocrx_word' id='word_1_63' title='bbox 808 911 860 949; x_wconf 90' lang='lat' dir='ltr'>ab</span> <span class='ocrx_word' id='word_1_64' title='bbox 883 909 1200 950; x_wconf 86' lang='lat' dir='ltr'>insectatoribus</span> <span class='ocrx_word' id='word_1_65' title='bbox 1226 909 1310 948; x_wconf 91' lang='lat' dir='ltr'>suis</span> <span class='ocrx_word' id='word_1_66' title='bbox 1336 908 1586 962; x_wconf 87' lang='lat' dir='ltr'>perfugium,</span> <span class='ocrx_word' id='word_1_67' title='bbox 1613 922 1756 947; x_wconf 90' lang='lat' dir='ltr'>verum</span> 
     </span>
     <span class='ocr_line' id='line_1_10' title="bbox 378 971 1757 1020; baseline -0.002 -7"><span class='ocrx_word' id='word_1_68' title='bbox 378 974 502 1013; x_wconf 86' lang='lat' dir='ltr'>etiam</span> <span class='ocrx_word' id='word_1_69' title='bbox 534 973 752 1014; x_wconf 90' lang='lat' dir='ltr'>mulierem</span> <span class='ocrx_word' id='word_1_70' title='bbox 784 979 930 1013; x_wconf 89' lang='lat' dir='ltr'>nactus</span> <span class='ocrx_word' id='word_1_71' title='bbox 964 978 1037 1020; x_wconf 90' lang='lat' dir='ltr'>est,</span> <span class='ocrx_word' id='word_1_72' title='bbox 1068 973 1200 1012; x_wconf 88' lang='lat' dir='ltr'>forma</span> <span class='ocrx_word' id='word_1_73' title='bbox 1230 978 1272 1012; x_wconf 92' lang='lat' dir='ltr'>et</span> <span class='ocrx_word' id='word_1_74' title='bbox 1303 971 1425 1011; x_wconf 89' lang='lat' dir='ltr'>vultu</span> <span class='ocrx_word' id='word_1_75' title='bbox 1456 972 1559 1012; x_wconf 91' lang='lat' dir='ltr'>adeo</span> <span class='ocrx_word' id='word_1_76' title='bbox 1585 971 1757 1019; x_wconf 88' lang='lat' dir='ltr'>liberali,</span> 
     </span>
     <span class='ocr_line' id='line_1_11' title="bbox 377 1031 1756 1090; baseline -0.001 -14"><span class='ocrx_word' id='word_1_77' title='bbox 377 1037 478 1076; x_wconf 92' lang='lat' dir='ltr'>adeo</span> <span class='ocrx_word' id='word_1_78' title='bbox 507 1031 692 1085; x_wconf 65' lang='lat' dir='ltr'>venusto,</span> <span class='ocrx_word' id='word_1_79' title='bbox 715 1043 765 1076; x_wconf 89' lang='lat' dir='ltr'>ut</span> <span class='ocrx_word' id='word_1_80' title='bbox 793 1036 900 1076; x_wconf 89' lang='lat' dir='ltr'>nihil</span> <span class='ocrx_word' id='word_1_81' title='bbox 926 1051 1060 1090; x_wconf 89' lang='lat' dir='ltr'>supra,</span> <span class='ocrx_word' id='word_1_82' title='bbox 1088 1050 1214 1090; x_wconf 86' lang='lat' dir='ltr'>quam</span> <span class='ocrx_word' id='word_1_83' title='bbox 1240 1036 1285 1075; x_wconf 92' lang='lat' dir='ltr'>in</span> <span class='ocrx_word' id='word_1_84' title='bbox 1313 1036 1455 1075; x_wconf 83' lang='lat' dir='ltr'>uxoris</span> <span class='ocrx_word' id='word_1_85' title='bbox 1482 1036 1632 1076; x_wconf 87' lang='lat' dir='ltr'>habuit</span> <span class='ocrx_word' id='word_1_86' title='bbox 1655 1036 1756 1075; x_wconf 92' lang='lat' dir='ltr'>loco.</span> 
     </span>
     <span class='ocr_line' id='line_1_12' title="bbox 378 1099 1758 1154; baseline -0.002 -13"><span class='ocrx_word' id='word_1_87' title='bbox 378 1101 493 1144; x_wconf 85' lang='lat' dir='ltr'>Quae</span> <span class='ocrx_word' id='word_1_88' title='bbox 513 1100 674 1149; x_wconf 83' lang='lat' dir='ltr'>mulier,</span> <span class='ocrx_word' id='word_1_89' title='bbox 695 1115 800 1148; x_wconf 91' lang='lat' dir='ltr'>cum,</span> <span class='ocrx_word' id='word_1_90' title='bbox 821 1100 913 1140; x_wconf 91' lang='lat' dir='ltr'>luce</span> <span class='ocrx_word' id='word_1_91' title='bbox 934 1101 1126 1154; x_wconf 88' lang='lat' dir='ltr'>quadam,</span> <span class='ocrx_word' id='word_1_92' title='bbox 1158 1099 1335 1147; x_wconf 88' lang='lat' dir='ltr'>Parisiis,</span> <span class='ocrx_word' id='word_1_93' title='bbox 1366 1114 1450 1152; x_wconf 93' lang='lat' dir='ltr'>quo</span> <span class='ocrx_word' id='word_1_94' title='bbox 1476 1113 1618 1139; x_wconf 87' lang='lat' dir='ltr'>rursus</span> <span class='ocrx_word' id='word_1_95' title='bbox 1647 1099 1758 1138; x_wconf 89' lang='lat' dir='ltr'>Tho-</span> 
     </span>
     <span class='ocr_line' id='line_1_13' title="bbox 376 1163 1758 1218; baseline -0.001 -14"><span class='ocrx_word' id='word_1_96' title='bbox 376 1178 462 1204; x_wconf 90' lang='lat' dir='ltr'>mas</span> <span class='ocrx_word' id='word_1_97' title='bbox 493 1179 588 1204; x_wconf 91' lang='lat' dir='ltr'>cum</span> <span class='ocrx_word' id='word_1_98' title='bbox 620 1179 667 1204; x_wconf 89' lang='lat' dir='ltr'>ea</span> <span class='ocrx_word' id='word_1_99' title='bbox 698 1178 740 1204; x_wconf 91' lang='lat' dir='ltr'>se</span> <span class='ocrx_word' id='word_1_100' title='bbox 771 1170 992 1218; x_wconf 86' lang='lat' dir='ltr'>receperat,</span> <span class='ocrx_word' id='word_1_101' title='bbox 1027 1169 1245 1217; x_wconf 89' lang='lat' dir='ltr'>conspecta</span> <span class='ocrx_word' id='word_1_102' title='bbox 1276 1168 1392 1210; x_wconf 87' lang='lat' dir='ltr'>esset,</span> <span class='ocrx_word' id='word_1_103' title='bbox 1426 1168 1469 1203; x_wconf 92' lang='lat' dir='ltr'>et</span> <span class='ocrx_word' id='word_1_104' title='bbox 1501 1164 1599 1216; x_wconf 90' lang='lat' dir='ltr'>quia</span> <span class='ocrx_word' id='word_1_105' title='bbox 1626 1163 1758 1202; x_wconf 84' lang='lat' dir='ltr'>forma</span> 
     </span>
     <span class='ocr_line' id='line_1_14' title="bbox 376 1227 1756 1281; baseline -0.001 -14"><span class='ocrx_word' id='word_1_106' title='bbox 376 1229 619 1281; x_wconf 85' lang='lat' dir='ltr'>praestabat,</span> <span class='ocrx_word' id='word_1_107' title='bbox 640 1233 689 1267; x_wconf 90' lang='lat' dir='ltr'>ut</span> <span class='ocrx_word' id='word_1_108' title='bbox 709 1228 903 1274; x_wconf 84' lang='lat' dir='ltr'>diximus,</span> <span class='ocrx_word' id='word_1_109' title='bbox 935 1234 978 1267; x_wconf 92' lang='lat' dir='ltr'>et</span> <span class='ocrx_word' id='word_1_110' title='bbox 1005 1228 1104 1280; x_wconf 94' lang='lat' dir='ltr'>quia</span> <span class='ocrx_word' id='word_1_111' title='bbox 1130 1227 1278 1266; x_wconf 92' lang='lat' dir='ltr'>habitu</span> <span class='ocrx_word' id='word_1_112' title='bbox 1306 1233 1395 1266; x_wconf 90' lang='lat' dir='ltr'>erat</span> <span class='ocrx_word' id='word_1_113' title='bbox 1422 1227 1756 1270; x_wconf 80' lang='lat' dir='ltr'>dementissimo:</span> 
     </span>
     <span class='ocr_line' id='line_1_15' title="bbox 374 1290 1756 1344; baseline 0 -15"><span class='ocrx_word' id='word_1_114' title='bbox 374 1304 470 1330; x_wconf 86' lang='lat' dir='ltr'>nam</span> <span class='ocrx_word' id='word_1_115' title='bbox 497 1296 540 1330; x_wconf 87' lang='lat' dir='ltr'>et</span> <span class='ocrx_word' id='word_1_116' title='bbox 565 1297 711 1344; x_wconf 90' lang='lat' dir='ltr'>pectus</span> <span class='ocrx_word' id='word_1_117' title='bbox 738 1296 781 1330; x_wconf 91' lang='lat' dir='ltr'>et</span> <span class='ocrx_word' id='word_1_118' title='bbox 807 1290 1004 1344; x_wconf 90' lang='lat' dir='ltr'>scapulas,</span> <span class='ocrx_word' id='word_1_119' title='bbox 1032 1290 1126 1330; x_wconf 90' lang='lat' dir='ltr'>nive</span> <span class='ocrx_word' id='word_1_120' title='bbox 1153 1290 1241 1343; x_wconf 88' lang='lat' dir='ltr'>ipsa</span> <span class='ocrx_word' id='word_1_121' title='bbox 1267 1290 1540 1338; x_wconf 88' lang='lat' dir='ltr'>candidiores,</span> <span class='ocrx_word' id='word_1_122' title='bbox 1569 1290 1756 1330; x_wconf 90' lang='lat' dir='ltr'>omnium</span> 
     </span>
     <span class='ocr_line' id='line_1_16' title="bbox 374 1354 1756 1408; baseline 0.001 -15"><span class='ocrx_word' id='word_1_123' title='bbox 374 1354 502 1394; x_wconf 90' lang='lat' dir='ltr'>oculis</span> <span class='ocrx_word' id='word_1_124' title='bbox 529 1354 734 1408; x_wconf 85' lang='lat' dir='ltr'>expositas</span> <span class='ocrx_word' id='word_1_125' title='bbox 760 1354 963 1400; x_wconf 89' lang='lat' dir='ltr'>habebat;</span> <span class='ocrx_word' id='word_1_126' title='bbox 994 1360 1147 1402; x_wconf 88' lang='lat' dir='ltr'>tantus,</span> <span class='ocrx_word' id='word_1_127' title='bbox 1177 1355 1338 1394; x_wconf 83' lang='lat' dir='ltr'>visendi</span> <span class='ocrx_word' id='word_1_128' title='bbox 1365 1355 1509 1407; x_wconf 86' lang='lat' dir='ltr'>gratia,</span> <span class='ocrx_word' id='word_1_129' title='bbox 1536 1354 1756 1394; x_wconf 87' lang='lat' dir='ltr'>hominum</span> 
     </span>
     <span class='ocr_line' id='line_1_17' title="bbox 374 1413 1758 1472; baseline 0.001 -15"><span class='ocrx_word' id='word_1_130' title='bbox 374 1413 596 1458; x_wconf 86' lang='lat' dir='ltr'>concursus</span> <span class='ocrx_word' id='word_1_131' title='bbox 628 1418 762 1457; x_wconf 87' lang='lat' dir='ltr'>factus</span> <span class='ocrx_word' id='word_1_132' title='bbox 791 1424 863 1465; x_wconf 90' lang='lat' dir='ltr'>est,</span> <span class='ocrx_word' id='word_1_133' title='bbox 890 1423 938 1457; x_wconf 86' lang='lat' dir='ltr'>ut</span> <span class='ocrx_word' id='word_1_134' title='bbox 966 1418 1045 1457; x_wconf 91' lang='lat' dir='ltr'>nisi</span> <span class='ocrx_word' id='word_1_135' title='bbox 1076 1433 1119 1458; x_wconf 91' lang='lat' dir='ltr'>se</span> <span class='ocrx_word' id='word_1_136' title='bbox 1148 1419 1192 1457; x_wconf 90' lang='lat' dir='ltr'>in</span> <span class='ocrx_word' id='word_1_137' title='bbox 1224 1418 1396 1457; x_wconf 91' lang='lat' dir='ltr'>domum</span> <span class='ocrx_word' id='word_1_138' title='bbox 1426 1419 1642 1472; x_wconf 89' lang='lat' dir='ltr'>cujusdam</span> <span class='ocrx_word' id='word_1_139' title='bbox 1672 1433 1758 1458; x_wconf 88' lang='lat' dir='ltr'>una</span> 
     </span>
     <span class='ocr_line' id='line_1_18' title="bbox 374 1481 1757 1536; baseline 0 -15"><span class='ocrx_word' id='word_1_140' title='bbox 374 1496 467 1521; x_wconf 90' lang='lat' dir='ltr'>cum</span> <span class='ocrx_word' id='word_1_141' title='bbox 495 1482 583 1522; x_wconf 87' lang='lat' dir='ltr'>viro</span> <span class='ocrx_word' id='word_1_142' title='bbox 611 1482 840 1535; x_wconf 83' lang='lat' dir='ltr'>recepisset,</span> <span class='ocrx_word' id='word_1_143' title='bbox 873 1481 980 1521; x_wconf 90' lang='lat' dir='ltr'>nihil</span> <span class='ocrx_word' id='word_1_144' title='bbox 1012 1482 1181 1536; x_wconf 91' lang='lat' dir='ltr'>propius</span> <span class='ocrx_word' id='word_1_145' title='bbox 1213 1482 1371 1521; x_wconf 84' lang='lat' dir='ltr'>factum</span> <span class='ocrx_word' id='word_1_146' title='bbox 1405 1487 1520 1529; x_wconf 88' lang='lat' dir='ltr'>esset,</span> <span class='ocrx_word' id='word_1_147' title='bbox 1553 1496 1678 1535; x_wconf 89' lang='lat' dir='ltr'>quam</span> <span class='ocrx_word' id='word_1_148' title='bbox 1708 1488 1757 1522; x_wconf 90' lang='lat' dir='ltr'>ut</span> 
     </span>
     <span class='ocr_line' id='line_1_19' title="bbox 374 1545 1757 1599; baseline 0 -14"><span class='ocrx_word' id='word_1_149' title='bbox 374 1547 494 1585; x_wconf 90' lang='lat' dir='ltr'>ambo</span> <span class='ocrx_word' id='word_1_150' title='bbox 514 1559 538 1585; x_wconf 91' lang='lat' dir='ltr'>a</span> <span class='ocrx_word' id='word_1_151' title='bbox 556 1545 832 1585; x_wconf 87' lang='lat' dir='ltr'>multitudine</span> <span class='ocrx_word' id='word_1_152' title='bbox 852 1546 1198 1599; x_wconf 84' lang='lat' dir='ltr'>opprimerentur.</span> <span class='ocrx_word' id='word_1_153' title='bbox 1257 1545 1416 1586; x_wconf 91' lang='lat' dir='ltr'>Verum</span> <span class='ocrx_word' id='word_1_154' title='bbox 1447 1545 1598 1586; x_wconf 89' lang='lat' dir='ltr'>mulier</span> <span class='ocrx_word' id='word_1_155' title='bbox 1626 1546 1757 1585; x_wconf 89' lang='lat' dir='ltr'>omni-</span> 
     </span>
     <span class='ocr_line' id='line_1_20' title="bbox 374 1608 1757 1663; baseline 0.001 -15"><span class='ocrx_word' id='word_1_156' title='bbox 374 1623 439 1657; x_wconf 88' lang='lat' dir='ltr'>no,</span> <span class='ocrx_word' id='word_1_157' title='bbox 469 1615 519 1649; x_wconf 92' lang='lat' dir='ltr'>ut</span> <span class='ocrx_word' id='word_1_158' title='bbox 545 1610 708 1656; x_wconf 88' lang='lat' dir='ltr'>dicitur,</span> <span class='ocrx_word' id='word_1_159' title='bbox 735 1608 845 1649; x_wconf 84' lang='lat' dir='ltr'>mala</span> <span class='ocrx_word' id='word_1_160' title='bbox 873 1623 991 1649; x_wconf 82' lang='lat' dir='ltr'>merx</span> <span class='ocrx_word' id='word_1_161' title='bbox 1016 1616 1102 1655; x_wconf 84' lang='lat' dir='ltr'>est3</span> <span class='ocrx_word' id='word_1_162' title='bbox 1134 1624 1219 1649; x_wconf 92' lang='lat' dir='ltr'>non</span> <span class='ocrx_word' id='word_1_163' title='bbox 1251 1610 1363 1649; x_wconf 92' lang='lat' dir='ltr'>enim</span> <span class='ocrx_word' id='word_1_164' title='bbox 1393 1615 1530 1663; x_wconf 83' lang='lat' dir='ltr'>potest</span> <span class='ocrx_word' id='word_1_165' title='bbox 1558 1610 1618 1650; x_wconf 89' lang='lat' dir='ltr'>ita</span> <span class='ocrx_word' id='word_1_166' title='bbox 1646 1617 1757 1650; x_wconf 85' lang='lat' dir='ltr'>arcte</span> 
     </span>
     <span class='ocr_line' id='line_1_21' title="bbox 376 1673 1756 1727; baseline 0.001 -15"><span class='ocrx_word' id='word_1_167' title='bbox 376 1674 561 1726; x_wconf 87' lang='lat' dir='ltr'>subjecta</span> <span class='ocrx_word' id='word_1_168' title='bbox 592 1673 790 1713; x_wconf 89' lang='lat' dir='ltr'>custodiis</span> <span class='ocrx_word' id='word_1_169' title='bbox 822 1673 1013 1713; x_wconf 87' lang='lat' dir='ltr'>omnibus</span> <span class='ocrx_word' id='word_1_170' title='bbox 1044 1673 1199 1721; x_wconf 86' lang='lat' dir='ltr'>haberi,</span> <span class='ocrx_word' id='word_1_171' title='bbox 1231 1674 1336 1727; x_wconf 92' lang='lat' dir='ltr'>quin</span> <span class='ocrx_word' id='word_1_172' title='bbox 1368 1674 1609 1713; x_wconf 85' lang='lat' dir='ltr'>custodibus</span> <span class='ocrx_word' id='word_1_173' title='bbox 1634 1675 1756 1714; x_wconf 85' lang='lat' dir='ltr'>verba</span> 
     </span>
     <span class='ocr_line' id='line_1_22' title="bbox 374 1737 1756 1791; baseline 0.001 -15"><span class='ocrx_word' id='word_1_174' title='bbox 374 1737 456 1784; x_wconf 91' lang='lat' dir='ltr'>det,</span> <span class='ocrx_word' id='word_1_175' title='bbox 476 1743 602 1790; x_wconf 91' lang='lat' dir='ltr'>atque</span> <span class='ocrx_word' id='word_1_176' title='bbox 622 1737 675 1776; x_wconf 91' lang='lat' dir='ltr'>ad</span> <span class='ocrx_word' id='word_1_177' title='bbox 694 1737 832 1776; x_wconf 88' lang='lat' dir='ltr'>hostes</span> <span class='ocrx_word' id='word_1_178' title='bbox 863 1743 957 1776; x_wconf 87' lang='lat' dir='ltr'>tuto</span> <span class='ocrx_word' id='word_1_179' title='bbox 982 1738 1242 1791; x_wconf 83' lang='lat' dir='ltr'>transfugiat.</span> <span class='ocrx_word' id='word_1_180' title='bbox 1301 1737 1411 1777; x_wconf 90' lang='lat' dir='ltr'>Nam</span> <span class='ocrx_word' id='word_1_181' title='bbox 1437 1737 1552 1785; x_wconf 91' lang='lat' dir='ltr'>Pisis,</span> <span class='ocrx_word' id='word_1_182' title='bbox 1579 1738 1651 1777; x_wconf 92' lang='lat' dir='ltr'>ubi</span> <span class='ocrx_word' id='word_1_183' title='bbox 1676 1737 1756 1778; x_wconf 87' lang='lat' dir='ltr'>ele-</span> 
     </span>
     <span class='ocr_line' id='line_1_23' title="bbox 375 1800 1755 1854; baseline 0.001 -15"><span class='ocrx_word' id='word_1_184' title='bbox 375 1800 632 1853; x_wconf 86' lang='lat' dir='ltr'>gantissimas</span> <span class='ocrx_word' id='word_1_185' title='bbox 666 1800 806 1840; x_wconf 86' lang='lat' dir='ltr'>literas</span> <span class='ocrx_word' id='word_1_186' title='bbox 840 1815 924 1840; x_wconf 93' lang='lat' dir='ltr'>non</span> <span class='ocrx_word' id='word_1_187' title='bbox 966 1801 1084 1840; x_wconf 87' lang='lat' dir='ltr'>tenui</span> <span class='ocrx_word' id='word_1_188' title='bbox 1125 1801 1333 1854; x_wconf 91' lang='lat' dir='ltr'>stipendio</span> <span class='ocrx_word' id='word_1_189' title='bbox 1371 1801 1555 1848; x_wconf 90' lang='lat' dir='ltr'>docebat,</span> <span class='ocrx_word' id='word_1_190' title='bbox 1595 1801 1696 1840; x_wconf 88' lang='lat' dir='ltr'>dum</span> <span class='ocrx_word' id='word_1_191' title='bbox 1734 1816 1755 1840; x_wconf 92' lang='lat' dir='ltr'>e</span> 
     </span>
     <span class='ocr_line' id='line_1_24' title="bbox 375 1854 1755 1918; baseline 0.001 -16"><span class='ocrx_word' id='word_1_192' title='bbox 375 1854 587 1916; x_wconf 86' lang='lat' dir='ltr'>gymnasio</span> <span class='ocrx_word' id='word_1_193' title='bbox 607 1863 829 1903; x_wconf 84' lang='lat' dir='ltr'>revertitur</span> <span class='ocrx_word' id='word_1_194' title='bbox 849 1864 1031 1910; x_wconf 89' lang='lat' dir='ltr'>domum,</span> <span class='ocrx_word' id='word_1_195' title='bbox 1053 1864 1312 1903; x_wconf 90' lang='lat' dir='ltr'>introductos</span> <span class='ocrx_word' id='word_1_196' title='bbox 1331 1863 1482 1911; x_wconf 86' lang='lat' dir='ltr'>hostes,</span> <span class='ocrx_word' id='word_1_197' title='bbox 1503 1878 1638 1903; x_wconf 88' lang='lat' dir='ltr'>arcem</span> <span class='ocrx_word' id='word_1_198' title='bbox 1663 1879 1755 1918; x_wconf 85' lang='lat' dir='ltr'>cap-</span> 
     </span>
     <span class='ocr_line' id='line_1_25' title="bbox 375 1926 1755 1980; baseline 0.001 -14"><span class='ocrx_word' id='word_1_199' title='bbox 375 1933 471 1974; x_wconf 89' lang='lat' dir='ltr'>tam,</span> <span class='ocrx_word' id='word_1_200' title='bbox 493 1941 539 1967; x_wconf 87' lang='lat' dir='ltr'>ac</span> <span class='ocrx_word' id='word_1_201' title='bbox 558 1926 776 1966; x_wconf 92' lang='lat' dir='ltr'>mulierem</span> <span class='ocrx_word' id='word_1_202' title='bbox 797 1927 848 1966; x_wconf 90' lang='lat' dir='ltr'>ab</span> <span class='ocrx_word' id='word_1_203' title='bbox 869 1941 911 1966; x_wconf 93' lang='lat' dir='ltr'>se</span> <span class='ocrx_word' id='word_1_204' title='bbox 931 1927 1164 1974; x_wconf 88' lang='lat' dir='ltr'>abductam,</span> <span class='ocrx_word' id='word_1_205' title='bbox 1186 1926 1485 1980; x_wconf 87' lang='lat' dir='ltr'>discipulorum</span> <span class='ocrx_word' id='word_1_206' title='bbox 1507 1942 1675 1967; x_wconf 89' lang='lat' dir='ltr'>suorum</span> <span class='ocrx_word' id='word_1_207' title='bbox 1693 1928 1755 1967; x_wconf 87' lang='lat' dir='ltr'>in-</span> 
     </span>
     <span class='ocr_line' id='line_1_26' title="bbox 374 1989 1754 2044; baseline 0.001 -16"><span class='ocrx_word' id='word_1_208' title='bbox 374 1990 498 2037; x_wconf 86' lang='lat' dir='ltr'>sidiis,</span> <span class='ocrx_word' id='word_1_209' title='bbox 520 1990 696 2043; x_wconf 88' lang='lat' dir='ltr'>reperit;</span> <span class='ocrx_word' id='word_1_210' title='bbox 728 2004 851 2043; x_wconf 90' lang='lat' dir='ltr'>quam</span> <span class='ocrx_word' id='word_1_211' title='bbox 873 1989 944 2029; x_wconf 94' lang='lat' dir='ltr'>ille</span> <span class='ocrx_word' id='word_1_212' title='bbox 960 1992 1177 2044; x_wconf 89' lang='lat' dir='ltr'>jacturam,</span> <span class='ocrx_word' id='word_1_213' title='bbox 1198 1991 1306 2030; x_wconf 89' lang='lat' dir='ltr'>sicut</span> <span class='ocrx_word' id='word_1_214' title='bbox 1326 1990 1424 2030; x_wconf 92' lang='lat' dir='ltr'>olim</span> <span class='ocrx_word' id='word_1_215' title='bbox 1455 1991 1513 2030; x_wconf 91' lang='lat' dir='ltr'>rei</span> <span class='ocrx_word' id='word_1_216' title='bbox 1541 1991 1754 2031; x_wconf 76' lang='lat' dir='ltr'>familiaris</span> 
     </span>
     <span class='ocr_line' id='line_1_27' title="bbox 374 2053 1754 2106; baseline 0.001 -14"><span class='ocrx_word' id='word_1_217' title='bbox 374 2054 585 2101; x_wconf 91' lang='lat' dir='ltr'>damnum,</span> <span class='ocrx_word' id='word_1_218' title='bbox 606 2054 855 2106; x_wconf 91' lang='lat' dir='ltr'>aequissimo</span> <span class='ocrx_word' id='word_1_219' title='bbox 875 2054 1013 2093; x_wconf 85' lang='lat' dir='ltr'>animo</span> <span class='ocrx_word' id='word_1_220' title='bbox 1034 2053 1144 2094; x_wconf 91' lang='lat' dir='ltr'>tulit.</span> <span class='ocrx_word' id='word_1_221' title='bbox 1203 2054 1386 2102; x_wconf 90' lang='lat' dir='ltr'>Etenim,</span> <span class='ocrx_word' id='word_1_222' title='bbox 1407 2054 1645 2095; x_wconf 86' lang='lat' dir='ltr'>Catholicae</span> <span class='ocrx_word' id='word_1_223' title='bbox 1662 2054 1754 2095; x_wconf 88' lang='lat' dir='ltr'>reli-</span> 
     </span>
     <span class='ocr_line' id='line_1_28' title="bbox 375 2117 1753 2172; baseline 0.001 -16"><span class='ocrx_word' id='word_1_224' title='bbox 375 2117 509 2170; x_wconf 89' lang='lat' dir='ltr'>gionis</span> <span class='ocrx_word' id='word_1_225' title='bbox 530 2131 661 2164; x_wconf 85' lang='lat' dir='ltr'>causa,</span> <span class='ocrx_word' id='word_1_226' title='bbox 682 2123 731 2156; x_wconf 90' lang='lat' dir='ltr'>ut</span> <span class='ocrx_word' id='word_1_227' title='bbox 752 2119 882 2170; x_wconf 88' lang='lat' dir='ltr'>ajunt,</span> <span class='ocrx_word' id='word_1_228' title='bbox 903 2117 1082 2157; x_wconf 91' lang='lat' dir='ltr'>fortunis</span> <span class='ocrx_word' id='word_1_229' title='bbox 1104 2118 1305 2165; x_wconf 89' lang='lat' dir='ltr'>omnibus,</span> <span class='ocrx_word' id='word_1_230' title='bbox 1336 2132 1442 2171; x_wconf 85' lang='lat' dir='ltr'>quae</span> <span class='ocrx_word' id='word_1_231' title='bbox 1470 2119 1568 2158; x_wconf 86' lang='lat' dir='ltr'>satis</span> <span class='ocrx_word' id='word_1_232' title='bbox 1594 2118 1753 2172; x_wconf 85' lang='lat' dir='ltr'>amplae</span> 
     </span>
     <span class='ocr_line' id='line_1_29' title="bbox 375 2181 1753 2234; baseline 0.001 -15"><span class='ocrx_word' id='word_1_233' title='bbox 375 2187 504 2227; x_wconf 86' lang='lat' dir='ltr'>erant,</span> <span class='ocrx_word' id='word_1_234' title='bbox 525 2195 699 2228; x_wconf 89' lang='lat' dir='ltr'>eversus,</span> <span class='ocrx_word' id='word_1_235' title='bbox 720 2181 928 2234; x_wconf 91' lang='lat' dir='ltr'>domoque</span> <span class='ocrx_word' id='word_1_236' title='bbox 948 2181 1158 2234; x_wconf 83' lang='lat' dir='ltr'>profugus,</span> <span class='ocrx_word' id='word_1_237' title='bbox 1179 2181 1392 2221; x_wconf 89' lang='lat' dir='ltr'>Lutetiam</span> <span class='ocrx_word' id='word_1_238' title='bbox 1416 2182 1666 2221; x_wconf 87' lang='lat' dir='ltr'>Parisiorum</span> <span class='ocrx_word' id='word_1_239' title='bbox 1687 2197 1753 2221; x_wconf 86' lang='lat' dir='ltr'>ve-</span> 
     </span>
     <span class='ocr_line' id='line_1_30' title="bbox 375 2244 1751 2298; baseline 0.001 -15"><span class='ocrx_word' id='word_1_240' title='bbox 375 2244 450 2290; x_wconf 83' lang='lat' dir='ltr'>nit,</span> <span class='ocrx_word' id='word_1_241' title='bbox 472 2244 622 2297; x_wconf 90' lang='lat' dir='ltr'>ibique,</span> <span class='ocrx_word' id='word_1_242' title='bbox 643 2259 781 2284; x_wconf 91' lang='lat' dir='ltr'>rerum</span> <span class='ocrx_word' id='word_1_243' title='bbox 802 2245 990 2284; x_wconf 90' lang='lat' dir='ltr'>omnium</span> <span class='ocrx_word' id='word_1_244' title='bbox 1012 2245 1310 2298; x_wconf 88' lang='lat' dir='ltr'>egentissimus,</span> <span class='ocrx_word' id='word_1_245' title='bbox 1339 2245 1527 2298; x_wconf 86' lang='lat' dir='ltr'>quamvis</span> <span class='ocrx_word' id='word_1_246' title='bbox 1557 2259 1598 2284; x_wconf 87' lang='lat' dir='ltr'>se</span> <span class='ocrx_word' id='word_1_247' title='bbox 1624 2245 1751 2285; x_wconf 88' lang='lat' dir='ltr'>nobili</span> 
     </span>
     <span class='ocr_line' id='line_1_31' title="bbox 373 2308 1752 2362; baseline 0.001 -15"><span class='ocrx_word' id='word_1_248' title='bbox 373 2321 523 2360; x_wconf 88' lang='lat' dir='ltr'>genere</span> <span class='ocrx_word' id='word_1_249' title='bbox 543 2314 681 2347; x_wconf 89' lang='lat' dir='ltr'>ortum</span> <span class='ocrx_word' id='word_1_250' title='bbox 701 2308 968 2361; x_wconf 86' lang='lat' dir='ltr'>praedicaret,</span> <span class='ocrx_word' id='word_1_251' title='bbox 989 2323 1087 2355; x_wconf 87' lang='lat' dir='ltr'>rem,</span> <span class='ocrx_word' id='word_1_252' title='bbox 1108 2314 1150 2348; x_wconf 90' lang='lat' dir='ltr'>et</span> <span class='ocrx_word' id='word_1_253' title='bbox 1169 2308 1305 2348; x_wconf 91' lang='lat' dir='ltr'>multo</span> <span class='ocrx_word' id='word_1_254' title='bbox 1326 2309 1455 2362; x_wconf 86' lang='lat' dir='ltr'>magis</span> <span class='ocrx_word' id='word_1_255' title='bbox 1475 2308 1659 2362; x_wconf 86' lang='lat' dir='ltr'>gloriam,</span> <span class='ocrx_word' id='word_1_256' title='bbox 1675 2308 1752 2348; x_wconf 90' lang='lat' dir='ltr'>hu-</span> 
     </span>
     <span class='ocr_line' id='line_1_32' title="bbox 371 2371 1749 2426; baseline 0.001 -16"><span class='ocrx_word' id='word_1_257' title='bbox 371 2372 623 2411; x_wconf 91' lang='lat' dir='ltr'>manioribus</span> <span class='ocrx_word' id='word_1_258' title='bbox 652 2371 879 2425; x_wconf 86' lang='lat' dir='ltr'>disciplinis</span> <span class='ocrx_word' id='word_1_259' title='bbox 907 2373 1122 2426; x_wconf 85' lang='lat' dir='ltr'>juventuti</span> <span class='ocrx_word' id='word_1_260' title='bbox 1158 2372 1379 2420; x_wconf 89' lang='lat' dir='ltr'>tradendis,</span> <span class='ocrx_word' id='word_1_261' title='bbox 1412 2373 1594 2418; x_wconf 84' lang='lat' dir='ltr'>invenit3</span> <span class='ocrx_word' id='word_1_262' title='bbox 1625 2387 1749 2425; x_wconf 84' lang='lat' dir='ltr'>quam</span> 
     </span>
     <span class='ocr_line' id='line_1_33' title="bbox 374 2429 1749 2490; baseline 0.002 -17"><span class='ocrx_word' id='word_1_263' title='bbox 374 2434 435 2474; x_wconf 86' lang='lat' dir='ltr'>illi</span> <span class='ocrx_word' id='word_1_264' title='bbox 455 2435 628 2489; x_wconf 88' lang='lat' dir='ltr'>gloriam</span> <span class='ocrx_word' id='word_1_265' title='bbox 650 2429 872 2490; x_wconf 86' lang='lat' dir='ltr'>multiplex</span> <span class='ocrx_word' id='word_1_266' title='bbox 893 2450 1032 2477; x_wconf 90' lang='lat' dir='ltr'>rerum</span> <span class='ocrx_word' id='word_1_267' title='bbox 1053 2436 1234 2485; x_wconf 87' lang='lat' dir='ltr'>scientia,</span> <span class='ocrx_word' id='word_1_268' title='bbox 1251 2436 1486 2477; x_wconf 88' lang='lat' dir='ltr'>reconditae</span> <span class='ocrx_word' id='word_1_269' title='bbox 1503 2436 1749 2490; x_wconf 84' lang='lat' dir='ltr'>exquisitae-</span> 
     </span>
    </p>
   </div>
  </div>
 </body>
</html>
