2032 2912
383 319 424 350 76
761 311 991 346 HISTORIA
1015 309 1389 343 ECCLESIASTICA

833 461 869 497 S.
895 461 1178 498 BERECTUS.
1233 464 1314 497 132.

383 588 404 602 “
420 581 456 615 S.
475 579 706 618 BERECTUS,
723 577 918 612 monachus
937 578 975 612 in
992 577 1121 618 Scotia,
1139 582 1175 612 et
1192 576 1384 619 confessor,
1398 578 1460 623 qui
1474 577 1612 623 profuit
1625 583 1660 613 et
1677 579 1774 614 vitae

380 636 620 672 sanctissimae
637 636 810 680 exemplo,
830 639 866 669 et
882 635 1175 680 praedicatione,”
1199 635 1251 669 ait
1276 634 1460 670 Arnoldus
1484 635 1606 670 Uvion
1628 636 1689 670 lib.
1711 645 1772 670 111.

378 695 485 740 Lign.
502 692 578 728 Vit.
597 704 679 739 pag.
700 701 784 727 L1x.
804 697 840 727 et
857 693 980 727 eadem
1000 692 1131 727 Petrus
1149 691 1352 727 Galesinius
1370 693 1408 727 in
1426 704 1492 728 suo
1510 693 1773 739 Martyrologio

379 752 435 786 die
452 759 571 784 XXIV.
590 750 778 784 Februarii
798 761 842 784 ex
860 750 1098 795 Martyrolog.
1117 749 1223 784 MSS.
1276 748 1429 794 Scripsit

527 806 706 841 Homilias
723 808 762 841 in
780 818 915 852 sacram
934 806 1156 851 Scripturam
1317 806 1379 840 lib.
1400 815 1427 840 1.

425 865 506 905 Quo
531 865 648 899 seculo
673 863 845 905 floruerit,
870 875 951 899 cum
974 863 1027 897 illi
1053 874 1128 898 non
1148 863 1385 908 prodiderint,
1409 863 1572 898 divinare
1585 875 1668 899 non
1698 876 1775 909 pos-

376 934 467 959 sum.

804 1020 840 1054 S.
868 1017 1204 1054 BERTHAMUS.
1259 1020 1342 1053 133.

375 1096 412 1130 S.
443 1094 707 1129 BERTHAMUS
739 1094 937 1139 episcopus,
970 1093 1033 1127 sed
1061 1091 1164 1138 cujus
1194 1092 1359 1127 ecclesiae
1384 1092 1586 1133 incertum3
1626 1098 1776 1138 putatur

375 1152 563 1187 Orcadum.
615 1151 766 1196 Scripsit
1045 1181 1047 1183 ,

520 1208 582 1243 Ad
599 1208 778 1243 Ecclesias
797 1207 953 1242 Scoticas
1318 1207 1379 1242 lib.
1400 1216 1427 1242 1.

520 1266 565 1301 In
584 1265 826 1312 Evangelium
843 1265 867 1299 J
869 1265 994 1300 oannis
1315 1265 1377 1299 lib.
1398 1273 1423 1298 1.

522 1324 617 1358 Acta
633 1323 858 1368 quorundam
876 1322 1087 1357 Sanctorum
1318 1322 1379 1356 lib.
1400 1331 1426 1356 1.

520 1380 576 1415 De
593 1389 665 1415 VII.
684 1379 864 1415 Ecclesiae
882 1380 1119 1415 Sacramentis
1318 1379 1380 1414 lib.
1400 1388 1426 1413 1.

522 1438 725 1474 Chronicon
743 1437 850 1472 breve
1317 1437 1379 1472 lib.
1400 1446 1425 1471 1.

425 1497 566 1532 Floruit
582 1507 677 1531 anno
694 1504 956 1530 DCCCXXXIX.
1001 1495 1152 1536 Colitur,
1169 1494 1303 1539 ubique
1319 1495 1422 1541 regni
1441 1495 1583 1540 templis
1601 1501 1636 1531 et
1654 1498 1724 1532 aris
1743 1499 1773 1532 ei

378 1555 511 1595 erectis,
529 1555 585 1589 die
602 1562 658 1588 Ἦ.
675 1552 793 1598 April.
846 1552 1075 1587 Breviarium
1092 1553 1283 1589 Scoticum.

808 1668 845 1703 S.
871 1667 1200 1703 BRANDANUS.
1254 1670 1336 1704 134.

377 1783 413 1819 S.
440 1784 700 1819 BRANDANUS.
726 1784 846 1824 abbas,
873 1784 965 1828 alius
992 1784 1037 1818 ab
1063 1784 1242 1818 Orcadum
1270 1784 1441 1829 apostolo,
1472 1790 1509 1820 et
1539 1786 1663 1821 multis
1693 1792 1772 1831 post

377 1841 477 1876 illum
496 1842 621 1876 seculis
639 1842 735 1876 domi
754 1842 944 1876 sanctitate
962 1842 1185 1886 conspicuus,
1204 1843 1346 1887 scripsit

524 1899 706 1939 Quaedam
725 1899 920 1943 Praecepta
938 1900 983 1933 acl
1000 1899 1146 1934 Fratres
1313 1900 1375 1935 lib.
1395 1909 1421 1935 1.

426 1956 564 1991 Claruit
580 1967 673 1991 anno
694 1965 844 1990 MLXVI.
863 1957 939 2002 regi
958 1956 1148 1992 Malcolmo
1166 1957 1215 1993 ΙΙ.
1234 1969 1349 1992 carus.
1403 1958 1556 2000 Colitur,
1575 1960 1718 2004 templis
1737 1966 1773 1994 et

377 2014 447 2048 aris
465 2013 589 2048 dicatis
606 2014 738 2059 ubique
755 2013 870 2060 regni,
893 2013 951 2048 die
968 2022 1054 2048 xvi.
1073 2014 1175 2051 Maii.
1205 2014 1370 2051 Breviar.
1394 2015 1488 2051 Scot.
1513 2016 1607 2052 Acta
1630 2017 1773 2052 interci-

377 2071 515 2105 derunt.

867 2169 903 2204 S.
930 2169 1145 2205 BARRUS.
1200 2173 1281 2206 135.

383 2240 420 2275 S.
434 2241 608 2283 BARRUS,
624 2243 698 2277 sive
713 2243 935 2286 Fimbarrus,
951 2245 1135 2291 episcopus
1149 2246 1391 2288 Cathenesiae,
1405 2248 1482 2294 regi
1497 2247 1688 2283 Malcolmo
1702 2249 1771 2283 ΙΙΙ.

383 2298 567 2333 sanctitate
584 2300 677 2334 vitae
696 2306 869 2346 acceptus,
887 2302 942 2336 uti
960 2302 998 2336 in
1017 2303 1093 2349 ejus
1111 2303 1198 2339 Vita
1215 2303 1402 2351 Turgotus
1420 2306 1558 2348 retulit,
1576 2306 1718 2351 scripsit

528 2354 709 2400 Synodum
725 2356 903 2393 Ecclesiae
920 2371 1005 2394 suae
1315 2362 1378 2397 lib.
1398 2371 1424 2396 1.

529 2410 707 2457 Epistolas
724 2415 769 2450 ad
786 2416 902 2451 varios
1315 2419 1377 2454 lib.
1397 2428 1424 2454 1.
