2032 2912
743 372 918 405 GENTIS
943 371 1220 409 SCOTORUM,
1246 372 1334 403 LIB.
1360 372 1399 404 V.
1705 371 1764 402 271

531 466 574 500 In
593 478 733 501 omnem
750 466 957 501 Aristotelis
978 467 1241 511 Philosophiam
1366 468 1425 501 lib.
1447 477 1472 501 1.

531 524 685 570 Logicae
703 524 874 569 Synopsis
1365 526 1425 559 lib.
1446 534 1470 558 1.

531 581 792 627 Castigationes
811 581 849 614 in
868 581 1043 615 Galenum
1368 583 1428 616 lib.
1450 592 1474 615 Ι.

531 638 586 672 De
605 638 744 672 Morbis
763 638 1017 672 incurabilibus
1366 640 1427 674 lib.
1447 649 1471 673 1.

529 695 767 729 Curationum
787 706 933 728 suarum
1366 698 1427 731 lib.
1448 706 1472 730 Ι.

429 753 531 787 Vivit
547 753 662 786 adhuc
676 752 715 785 M
720 758 822 786 antae
841 753 883 785 ad
899 751 1110 797 Sequanam,
1131 759 1166 788 et
1179 754 1277 800 genti
1291 755 1452 799 gloriam,
1467 754 1533 788 sibi
1548 765 1568 787 a
1582 754 1763 793 medicina,

381 821 488 855 quam
518 810 695 855 stipendio
726 821 769 843 ex
799 809 883 844 fisco
912 810 1087 844 honorato
1117 819 1266 852 exercet,
1299 822 1339 845 ac
1369 811 1523 845 familiae
1554 812 1766 844 emolumen-

382 873 458 901 tum
490 868 595 912 parit,
623 867 787 902 omnibus
818 878 931 907 carus,
961 868 1023 902 sed
1048 868 1200 903 literatis
1228 869 1415 913 praecipue
1441 870 1545 914 longe
1572 869 1766 912 acceptissi-

381 936 470 959 mus.

672 1041 929 1075 GEORGIUS
942 1085 945 1089 .
960 1041 1348 1076 EGLISSEMMIUS.
1402 1044 1483 1075 502.

381 1158 593 1191 GEORGIUS
628 1156 903 1203 Eglissemmius
946 1157 1241 1191 Hamiltoniensis
1286 1157 1393 1191 bonas
1437 1162 1530 1191 artes
1573 1162 1607 1190 et
1645 1157 1766 1190 didicit

382 1215 533 1249 Lovanii
570 1216 607 1248 in
644 1214 770 1260 Belgio
801 1226 956 1258 operose,
989 1219 1023 1248 et
1053 1215 1174 1248 docuit
1201 1216 1238 1248 in
1269 1214 1394 1248 Galliis
1425 1215 1586 1260 gloriose,
1617 1214 1767 1258 philoso-

378 1273 504 1317 phiam
523 1272 742 1318 Rothomagi
762 1272 929 1316 primum,
955 1283 1038 1306 mox
1064 1276 1099 1306 et
1126 1271 1291 1306 Lutetiae
1317 1283 1455 1306 summo
1481 1272 1683 1306 auditorum
1710 1283 1770 1315 ap-

381 1332 509 1374 plausu
541 1329 733 1375 professus.
798 1328 908 1373 Apud
938 1329 1100 1363 Cimbros
1126 1333 1162 1363 et
1187 1329 1344 1363 Batavos
1370 1329 1580 1362 medicinam
1606 1328 1700 1369 fecit,
1728 1335 1768 1362 ut

381 1387 498 1427 audio,
512 1387 725 1427 felicissime,
739 1398 803 1420 nec
817 1386 943 1420 Galeni
961 1398 1053 1427 osor,
1071 1397 1135 1420 nec
1149 1386 1298 1420 chimiae
1316 1386 1466 1419 nimium
1484 1386 1656 1420 addictus.
1701 1386 1768 1419 De-

381 1456 481 1479 mum
505 1456 527 1478 a
554 1455 638 1490 rege
662 1444 818 1490 Magnae
844 1443 1054 1478 Britanniae
1079 1443 1173 1477 inter
1197 1443 1407 1477 domesticos
1433 1443 1585 1476 medicos
1611 1444 1767 1482 allectus,

380 1503 524 1548 aliquod
554 1502 755 1536 studiorum
790 1512 936 1535 suorum
973 1501 1172 1545 praemium
1206 1501 1349 1535 videtur
1383 1505 1601 1541 consecutus,
1639 1500 1771 1535 Graece

381 1560 581 1605 Latineque
612 1560 849 1599 doctissimus,
880 1569 987 1593 versu
1015 1558 1129 1592 bonus
1155 1563 1191 1593 et
1216 1570 1332 1603 prosa,
1366 1558 1530 1592 omnibus
1562 1558 1769 1592 cultioribus

382 1618 529 1657 artibus,
560 1617 621 1651 sed
650 1617 804 1650 maxime
832 1616 1017 1662 spagiricis
1044 1616 1250 1651 instructus.
1314 1615 1426 1650 Varia
1455 1615 1672 1659 publicavit3
1705 1626 1769 1659 ego

383 1680 525 1709 tantum
544 1675 619 1708 vidi

530 1731 701 1765 Poemata
718 1731 818 1765 varia
1271 1732 1330 1765 lib.
1352 1740 1376 1764 1.

530 1788 804 1834 Epigrammata
821 1788 922 1822 varia
1271 1788 1330 1822 lib.
1352 1798 1375 1822 1.

532 1846 668 1880 Contra
687 1845 871 1880 Vorstium
890 1846 1105 1879 haereticum
1267 1846 1328 1880 lib.
1350 1855 1374 1879 1.

533 1904 818 1937 Declamationes
837 1903 1105 1947 Philosophicas
1271 1903 1331 1937 lib.
1353 1912 1376 1936 Ι.

531 1961 702 1995 Duellum
722 1960 903 1995 Poeticum
923 1971 1002 1994 cum
1023 1960 1176 2006 Georgio
1195 1960 1413 1994 Buchanano
1431 1961 1468 1994 in
1487 1961 1646 1994 versione
1673 1961 1770 1995 Psal-

580 2019 629 2052 mi
649 2027 728 2052 CIV.
747 2030 818 2063 quo
836 2029 941 2063 opere
964 2019 1089 2052 vellem
1111 2018 1351 2058 abstinuisset,
1375 2029 1446 2051 non
1470 2018 1564 2062 quod
1587 2018 1768 2064 ingenium

582 2081 818 2116 contemnam,
837 2076 898 2110 sed
915 2076 999 2120 quia
1024 2075 1161 2109 felicius
1185 2076 1282 2109 aliud
1306 2080 1566 2121 argumentum,
1593 2080 1627 2109 et
1653 2076 1770 2109 minus

582 2134 799 2168 invidiosum
818 2133 947 2178 eligere
964 2133 1148 2177 potuisset.

532 2191 667 2225 Contra
685 2191 861 2225 Thomam
883 2190 1036 2224 Reidum
1273 2190 1332 2224 lib.
1354 2199 1377 2224 1.

532 2249 826 2293 Praeparationes
847 2247 1188 2281 Medicamentorum
1272 2247 1332 2282 lib.
1353 2257 1377 2281 1.

434 2308 536 2341 Vivit
554 2306 669 2340 adhuc
687 2305 855 2345 Londini,
882 2316 988 2349 quam
1012 2305 1116 2350 longe
1139 2309 1256 2348 potest
1280 2305 1325 2339 ab
1349 2305 1462 2339 aulico
1480 2306 1638 2339 tumultu
1657 2305 1772 2339 Musis

386 2376 526 2405 vacans,
545 2374 633 2409 quas
652 2363 743 2397 serio
761 2374 844 2397 sane
863 2369 898 2396 et
917 2363 1008 2396 bona
1027 2361 1093 2395 fide
1111 2362 1204 2396 colit.

1024 2422 1046 2453 2
1066 2427 1093 2452 N
