2032 2912
326 328 366 357 10
698 317 927 351 HISTORIA
951 311 1321 347 ECCLESIASTICA

329 420 548 461 multumque
564 415 718 448 fructum
735 412 812 446 Deo
828 409 1014 448 faciebant,
1032 408 1164 442 scilicet
1178 406 1278 446 Etto,
1293 405 1500 445 Bertuinus,
1515 402 1703 450 Eloquius,

328 475 530 520 Adalgisus‚
548 471 644 505 Mom
651 470 763 508 bulus,
779 465 1037 510 Wasnulphus,
1056 469 1091 499 et
1103 464 1295 498 Autbodus
1307 462 1341 503 ;”
1358 462 1410 496 ita
1426 462 1521 496 enim
1539 463 1703 506 supplen-

316 526 394 565 'dus
410 531 559 573 scriptor
571 528 629 561 ille
642 537 686 560 ex
699 526 787 559 serie
801 530 1013 568 temporum,
1028 522 1193 557 observat
1205 520 1228 554 J
1231 531 1310 554 oan.
1327 519 1504 559 Molanus,
1519 519 1706 564 theologus

327 586 615 631 antiquariusque
644 582 879 620 doctissimus,
910 580 947 614 in
976 579 1012 614 N
1015 579 1166 614 atalibus
1193 577 1255 612 SS.
1287 576 1415 623 Belgii,
1452 581 1487 610 et
1521 575 1705 610 Aubertus

329 645 485 679 Miraeus
502 643 539 677 in
563 641 728 676 Chronici
750 639 925 686 Sigeberti
947 637 1075 672 ultima
1101 636 1265 670 editione.
1317 633 1378 668 An
1402 634 1536 678 aliquid
1560 633 1707 677 scripse·

328 703 385 741 rit,
408 712 479 735 non
497 698 719 743 deprehendi,
748 701 811 731 aut
834 696 864 730 si
887 694 1039 740 scripsit,
1063 698 1155 727 certe
1178 692 1313 737 injuria
1331 691 1501 735 temporis
1525 690 1707 735 perierunt

329 758 457 792 omnia.

376 814 478 848 Vixit
494 823 586 847 anno
605 820 712 845 nem.

798 924 835 958 S.
863 920 1146 957 AUTBODUS.
1198 924 1233 958 9.

327 1043 361 1077 S.
388 1041 620 1079 Aornonus,
650 1039 686 1073 S.
712 1038 874 1083 Adalgisi
905 1037 992 1070 civis
1023 1040 1058 1069 et
1089 1036 1221 1080 collega
1251 1046 1273 1069 a
1303 1033 1556 1079 Martyrologii
1587 1034 1707 1067 collec-

327 1105 411 1139 tore,
439 1098 548 1130 vitam
574 1096 664 1129 hanc
689 1094 938 1138 temporariam
964 1093 1066 1127 debet
1092 1092 1295 1126 clarissimis
1321 1090 1484 1124 Auberto
1511 1090 1649 1124 Miraeo
1671 1096 1706 1124 et

325 1155 454 1189 Joanni
472 1153 616 1187 Molano
634 1152 817 1186 Addition.
838 1151 882 1184 ad
895 1150 1049 1184 Usuard.
1066 1158 1155 1182 xxl.
1171 1147 1347 1182 Novemb.
1387 1147 1568 1193 Lugduno
1582 1147 1707 1182 Clava-

327 1219 363 1247 to
379 1210 551 1255 depositio
571 1209 607 1243 S.
625 1209 796 1244 Autbodi.
848 1207 1010 1251 Apparet
1034 1207 1238 1250 episcopum
1263 1205 1384 1239 fuisse.
1437 1204 1549 1238 Nulla
1574 1205 1619 1238 ad
1643 1216 1707 1239 nos

327 1280 431 1313 opera
449 1267 559 1311 ipsius
576 1277 776 1311 pervenere.

374 1324 513 1358 Floruit
530 1335 622 1357 anno
640 1331 748 1356 Dcm.
799 1321 1017 1366 Lugdunum
1041 1320 1101 1354 alii
1125 1331 1206 1353 eum
1231 1319 1363 1354 rexisse
1387 1320 1536 1359 volunt;
1563 1319 1624 1353 sed
1642 1330 1707 1365 ego

326 1382 537 1415 Laudunum
557 1381 688 1420 malim,
707 1379 776 1413 fuit
793 1379 885 1412 enim
905 1378 1120 1412 Laudunum
1137 1376 1326 1411 clavatum
1344 1377 1454 1422 vulgo
1469 1376 1581 1417 Laon,
1597 1381 1631 1410 et
1646 1388 1707 1410 an-

327 1439 425 1472 tistes
442 1438 518 1483 ejus
535 1438 607 1471 dux
624 1441 659 1471 et
677 1447 740 1480 par
757 1436 937 1470 Franciae.

760 1551 796 1584 S.
823 1548 1156 1584 AEMILIANUS.
1210 1551 1267 1583 10.

328 1667 362 1701 S.
399 1666 668 1700 AssmmAxvs
697 1665 822 1699 Scotus
858 1668 1074 1697 memoratur
1108 1663 1296 1697 Francisco
1332 1663 1541 1707 Maurolyco
1576 1664 1703 1704 Siculo,

326 1724 442 1758 abbati
480 1723 709 1762 Messanensi,
746 1720 1004 1765 Martyrologio
1041 1732 1105 1754 suo
1142 1720 1186 1753 ad
1222 1720 1316 1754 diem
1354 1729 1428 1754 ΧΠ.
1469 1719 1706 1755 Novembris:

327 1786 347 1800 “
365 1780 447 1814 Fuit
466 1785 501 1813 et
518 1778 739 1813 Aemilianus
757 1779 793 1812 in
812 1777 929 1811 Scotia
946 1778 1060 1810 clarus
1078 1777 1272 1821 episcopus,
1290 1778 1352 1822 qui
1373 1777 1567 1811 Faventiae
1585 1778 1706 1812 obiit.'’

326 1837 399 1871 Nec
424 1838 525 1880 plura
551 1836 592 1868 de
618 1847 658 1869 eo
683 1835 766 1869 alibi
791 1836 906 1879 legere
936 1833 1105 1867 memini:
1132 1834 1372 1878 episcopatum
1405 1834 1600 1869 Faventiae
1629 1846 1705 1881 ges-

324 1895 407 1927 serit
432 1905 476 1927 an
502 1893 607 1932 domi,
635 1897 697 1925 aut
721 1903 792 1936 quo
817 1902 899 1924 casu
927 1902 967 1924 eo
996 1891 1190 1931 accesserit,
1223 1896 1286 1925 aut
1314 1903 1385 1936 quo
1416 1893 1532 1926 seculo
1564 1892 1705 1932 vixerit,

325 1951 382 1984 alii
401 1951 612 1989 discutiant3
639 1960 720 1982 nam
743 1960 807 1994 ego
831 1948 969 1982 tabulas
992 1948 1164 1982 adumbro
1188 1953 1340 1988 tantum,
1364 1954 1399 1983 et
1424 1950 1529 1982 rudes
1553 1953 1629 1983 tero
1652 1961 1707 1984 co-

326 2009 414 2041 lores
429 2017 437 2039 :
462 2007 603 2050 Apelles
621 2006 710 2039 alius
728 2006 775 2039 sit
792 2009 941 2049 oportet,
959 2016 980 2038 a
997 2015 1067 2048 quo
1085 2016 1223 2038 summa
1240 2005 1323 2038 huic
1341 2006 1437 2050 operi
1456 2006 1616 2040 addenda
1633 2018 1707 2041 ma-

324 2075 390 2098 nus
406 2069 575 2107 speretur.

372 2120 507 2164 Scripta
524 2121 630 2154 etiam
648 2120 868 2159 interierunt,
888 2129 952 2152 nec
968 2119 1081 2152 ullum
1098 2120 1192 2163 apud
1211 2119 1491 2154 Faventinorum
1515 2122 1704 2166 scriptores

325 2178 366 2211 de
382 2189 423 2210 eo
441 2178 597 2210 verbum.
648 2176 680 2211 O
698 2188 829 2214 casum,
847 2187 927 2222 cara
945 2176 1072 2220 patria,
1091 2180 1193 2210 tuum
1210 2176 1216 2210 !
1267 2177 1322 2210 De
1347 2189 1388 2211 eo
1411 2179 1561 2212 certiora
1579 2190 1622 2213 ex
1642 2179 1707 2213 Pe-

326 2239 381 2268 tro
405 2245 426 2267 a
451 2234 637 2267 Natalibus
662 2234 699 2267 in
725 2234 894 2279 Catalogo
920 2232 982 2266 SS.
1009 2232 1069 2266 lib.
1097 2243 1136 2267 x.
1164 2245 1240 2278 cap.
1268 2243 1356 2268 L111.
1384 2235 1490 2269 habet
1517 2235 1703 2271 Constant.

325 2289 477 2324 Ghinius
505 2291 541 2323 in
570 2290 630 2324 SS.
662 2290 868 2324 Canonicor.
896 2289 1052 2324 Natalib.
1080 2291 1124 2324 ad
1150 2292 1243 2325 diem
1270 2291 1463 2326 Novembr.
1497 2302 1571 2327 xlx.
1603 2293 1705 2339 cujus

326 2347 433 2380 verba
449 2357 644 2391 apponam:
671 2352 691 2367 “
710 2347 901 2381 Faventiae
919 2347 955 2381 S.
974 2347 1165 2382 Aemiliani
1184 2350 1336 2393 episcopi
1355 2350 1558 2390 Scofiensis,
1580 2351 1642 2395 qui
1661 2362 1706 2384 ex

326 2414 366 2439 ea
382 2403 497 2437 insula
513 2404 694 2444 oriundus,
707 2404 861 2439 Domino
874 2404 1032 2449 aprimis
1051 2406 1153 2440 annis
1170 2407 1350 2448 militavit,
1370 2412 1406 2442 et
1422 2408 1508 2442 dum
1526 2413 1617 2442 esset
1632 2419 1705 2442 om-
