2032 2912
357 326 421 358 264
741 323 974 356 HISTORIA
999 322 1375 355 ECCLESIASTICA

557 431 595 453 ca
613 431 693 465 pag.
716 427 944 452 Menxxxn.

407 477 589 512 Scribebat
607 488 700 511 anno
720 484 945 510 MDLxxxv.

827 591 871 625 Β.
899 590 1152 626 EGREDUS.
1205 593 1288 629 489.

358 708 508 742 OMNES
533 708 641 753 primi
668 707 978 742 Lindisfarnenses
1005 707 1160 752 episcopi
1186 706 1282 741 Scoti
1307 706 1464 746 fuerunt,
1491 711 1531 741 ut
1558 717 1661 752 saepe
1687 707 1753 742 hoc

357 766 447 800 libro
466 770 659 801 ostensum.
704 765 748 799 In
766 766 822 799 his
841 770 962 800 noster
979 765 1157 811 Egredus.
1208 764 1367 799 Florent.
1386 763 1612 810 Wigornien.
1642 768 1663 784 ‘⁶
1682 763 1753 799 De·
1774 792 1777 793 γ

357 823 481 858 functo
511 824 656 870 Egredo
683 823 970 858 Lindisfarnensi
999 823 1163 867 episcopo
1191 821 1375 868 Egbertus
1401 821 1602 855 successit.”
1655 821 1753 856 Haec

357 882 416 916 ille
438 883 545 922 solus,
568 886 610 916 ut
635 882 785 926 opinor;
813 892 896 915 nam
920 881 958 914 in
980 881 1140 925 catalogo
1163 878 1514 913 Lindisfarnensium
1535 879 1752 919 antistitum,

357 940 418 984 qui
437 944 560 984 postea
577 939 747 973 Dunelmi
771 939 949 979 sederunt,
975 937 1112 984 Egredi
1138 938 1237 971 nulla
1262 936 1408 971 mentio.
1460 935 1553 970 Sunt
1579 940 1698 971 autem
1725 937 1751 970 ii

356 997 391 1031 S.
416 997 591 1038 Aidanus,
620 996 656 1030 S.
685 997 883 1037 Finnanus,
912 995 948 1029 S.
974 995 1205 1035 Colmannus,
1229 994 1264 1029 S.
1284 994 1400 1035 Tuda‚
1426 993 1462 1028 S.
1481 993 1587 1035 Eata,
1610 994 1752 1029 Frithe-

356 1055 489 1095 bertus,
522 1054 764 1094 Alhmundus,
797 1054 978 1093 Ti1herus,
1009 1052 1274 1093 Aethelbertus,
1312 1051 1560 1092 Heandredus,
1591 1051 1751 1087 Eauber·

355 1117 425 1153 tus,
445 1112 687 1152 Tridferthus,
707 1112 742 1145 S.
763 1111 995 1151 Cuthbertus,
1013 1110 1228 1150 Eadbertus‚
1247 1110 1283 1144 S.
1304 1109 1498 1156 Egbertus.
1550 1109 1683 1144 Omnes
1701 1111 1750 1150 hi,

355 1175 390 1204 et
421 1170 581 1215 plerique
612 1174 799 1214 sequentes
827 1180 871 1202 ex
897 1168 1016 1203 Scotia
1041 1169 1080 1202 in
1104 1166 1276 1214 Angliam
1304 1172 1541 1208 transeuntes,
1574 1169 1749 1215 evangelii

355 1239 475 1262 semen
501 1227 651 1261 fideliter
677 1232 909 1272 sparserunt3
940 1231 975 1261 et
997 1238 1041 1261 ex
1062 1226 1118 1260 his
1146 1227 1309 1261 nonnulli
1336 1227 1435 1260 sedes
1461 1238 1543 1261 suas
1570 1227 1607 1260 in
1632 1226 1750 1262 Scotia

355 1286 568 1331 episcopales
603 1285 797 1330 liquerunt,
832 1289 875 1319 ut
908 1289 1092 1319 nascentes
1127 1289 1205 1319 tum
1239 1285 1396 1329 primum
1432 1284 1513 1319 fidei
1546 1285 1585 1319 in
1615 1285 1751 1332 Anglia

355 1344 529 1390 igniculos
564 1344 723 1378 studiose
758 1342 932 1384 foverent,
967 1347 1009 1376 ut
1038 1341 1294 1378 Aethelbertus
1326 1343 1421 1388 apud
1449 1354 1532 1377 suos
1569 1342 1750 1378 Candidae

356 1402 467 1436 Casae
485 1402 522 1435 in
541 1402 788 1448 Brigantibus,
808 1413 870 1435 seu
889 1401 1101 1440 Gallovidia‚
1121 1400 1317 1445 episcopus.
1370 1400 1496 1435 Sedem
1515 1406 1634 1436 autem
1658 1401 1749 1436 hanc

355 1460 540 1494 transtulit
574 1471 637 1493 rex
680 1459 861 1493 Gutredus
905 1471 998 1493 anno
1041 1467 1327 1493 DCCCLXXXIV.
1370 1463 1413 1494 ut
1450 1464 1574 1494 auctor
1614 1459 1746 1506 Roger.

358 1518 530 1551 Hoveden
564 1517 697 1551 Annal.
733 1516 925 1564 Anglican.
990 1517 1051 1551 An
1085 1515 1252 1563 Egredus
1283 1517 1420 1562 aliquid
1449 1517 1641 1562 scripserit,
1676 1528 1747 1552 non

354 1576 481 1620 reperi.

403 1633 544 1667 Floruit
562 1644 656 1667 anno
677 1642 886 1667 DCCCXLII.

675 1748 917 1784 ELVANUS
942 1748 1286 1784 AVALLONIUS.
1337 1751 1421 1788 490.

354 1865 415 1899 DE
445 1864 599 1906 Elvano,
626 1871 862 1912 cognomento
883 1865 1088 1907 Avallonio,
1113 1866 1211 1901 aliud
1237 1866 1327 1900 nihil
1349 1867 1476 1911 reperi,
1502 1867 1570 1901 nisi
1589 1866 1746 1912 primum

353 1922 474 1963 fuisse,
493 1924 554 1968 qui
574 1924 618 1958 ad
636 1935 691 1958 res
717 1924 872 1958 Scoticas
897 1924 1126 1958 illustrandas
1151 1925 1359 1959 accesserit:
1386 1925 1496 1971 huJus
1513 1924 1618 1959 fidem
1636 1925 1744 1960 Vere-

354 1982 508 2015 mundus
535 1986 570 2015 et
596 1982 655 2016 alii
676 1981 911 2015 vetustissimi
930 1982 1113 2016 annalium
1131 1982 1352 2017 Scoticorum
1371 1987 1532 2018 auctores
1550 1983 1745 2028 impensius

357 2040 571 2073 extulerunt.
624 2039 775 2084 Scripsit
794 2039 906 2073 veteri
924 2039 1048 2085 lingua
1066 2039 1215 2080 Scofica,
1242 2040 1309 2075 hoc
1335 2045 1399 2082 est,
1430 2041 1635 2082 Hibernica,
1661 2052 1745 2076 nam

353 2107 423 2140 qua
440 2096 544 2130 hodie
562 2098 710 2137 utimur,
729 2097 864 2131 soboles
884 2102 938 2131 est
957 2096 1150 2132 Saxonicae
1168 2102 1231 2133 aut
1249 2097 1492 2139 Germanicae,

503 2153 701 2189 Historiam
722 2154 859 2189 Scotiae
1290 2157 1351 2191 lib.
1372 2166 1396 2191 1.

501 2211 785 2257 Descriptionem
803 2212 941 2247 Scotiae
1289 2215 1351 2249 lib.
1372 2224 1397 2249 Ι.

403 2267 541 2303 Floruit
561 2281 653 2304 anno
672 2272 776 2305 salut.
797 2279 957 2305 CLXXII,
980 2272 1096 2306 nescio
1114 2283 1160 2306 an
1178 2272 1222 2307 ab
1239 2271 1432 2307 Avallonia
1447 2271 1658 2308 Britanniae
1672 2273 1744 2307 Ro-

353 2336 477 2360 manae
503 2326 641 2368 insula3
669 2328 764 2363 hunc
790 2329 885 2363 enim
902 2330 1017 2363 locum
1037 2341 1059 2363 a
1074 2330 1273 2377 peregrinis
1292 2331 1449 2366 eremitis
1470 2331 1604 2366 cultum
1623 2331 1743 2376 prodit

354 2382 576 2417 Camdenus:
608 2385 644 2418 id
662 2386 691 2419 si
710 2397 845 2426 verum,
864 2387 978 2421 multa
996 2386 1110 2422 Scotis
1128 2387 1264 2434 Anglia
1281 2388 1394 2423 debet.
