2032 2912
710 337 943 371 HISTORIA
967 339 1349 374 ECCLESIASTICA.
1661 344 1723 378 299

337 431 517 466 derentur.
568 430 719 477 Scripsit
736 444 820 467 vero
837 433 895 467 hic
913 433 1084 470 Gallanus

484 488 579 524 Acta
595 490 760 536 magistri
778 490 974 526 Columbae
1274 494 1335 529 lib.
1355 503 1381 529 1.

487 546 787 582 Exhortationem
806 549 851 582 ad
869 548 1064 584 Monachos
1272 552 1333 586 lib.
1354 561 1380 586 1.

385 604 528 639 Floruit
545 615 639 639 anno
657 613 768 639 DCVI.
818 605 1013 651 Depositus
1031 611 1084 642 est
1101 618 1194 643 anno
1213 616 1390 644 Dcxxln.
1433 610 1572 646 Colitur
1588 612 1645 647 die
1663 620 1720 647 xl.

337 661 569 707 Septembris.

831 762 867 797 S.
895 761 1105 799 GALLUS.
1156 766 1239 803 557.

337 834 375 870 S.
406 835 663 870 COLUMBANI
700 836 797 872 Scoti
827 838 913 872 socii
942 838 1251 885 peregrinationis,
1280 840 1356 875 sive
1389 841 1587 877 sanctitatis
1620 843 1722 877 disci-

336 893 425 938 puli,
445 905 466 928 a
484 893 645 929 Gilberto
663 894 891 930 Genebrardo
908 896 946 930 in
957 895 1133 931 Chronico
1146 909 1227 944 pag.
1247 906 1451 932 CCCCXLH.
1470 904 1721 934 enumerantur

337 952 463 992 sancti,
489 950 625 993 Gallus,
645 952 767 993 Jonas,
786 953 1034 994 Romarichus,
1055 953 1306 1002 Leodegarius,
1330 956 1564 1002 Argobastus,
1587 956 1723 992 Aman-

337 1010 416 1050 dus,
443 1014 479 1044 et
502 1009 540 1044 S.
558 1009 751 1050 Walerius,
777 1010 897 1051 abbas,
922 1016 965 1046 ut
988 1021 1032 1045 ex
1057 1014 1226 1057 anonymi
1252 1014 1405 1048 auctoris
1429 1014 1561 1059 scripto
1586 1019 1722 1049 constat

337 1068 433 1112 apud
450 1067 597 1102 Surium
617 1072 704 1102 tom.
724 1077 766 1101 11.
793 1068 850 1103 die
870 1077 895 1102 1.
913 1067 1063 1113 Aprilis.
1114 1070 1176 1105 Ex
1192 1071 1248 1105 his
1272 1071 1396 1105 Gallus
1422 1071 1558 1113 Scotus,
1584 1071 1721 1107 Anton.

336 1124 550 1159 Demochar.
564 1125 626 1159 lib.
642 1135 685 1159 11.
700 1136 776 1170 cap.
791 1134 925 1160 XXXV.
959 1126 983 1160 J
985 1138 1064 1162 oan.
1084 1127 1242 1163 Gualter.
1259 1129 1391 1164 Chron.
1410 1129 1616 1164 Chronicor.
1635 1135 1721 1164 tom.

337 1191 398 1216 111.
425 1194 507 1229 pag.
536 1191 719 1217 Decxcn.
748 1188 769 1203 “
795 1183 832 1218 S.
861 1183 955 1218 Galli
982 1183 1090 1225 Scoti,
1124 1191 1160 1220 et
1193 1187 1370 1227 eremitae,
1397 1188 1652 1222 concionatoris
1679 1188 1722 1222 ad

336 1240 453 1274 lacum
470 1240 752 1275 Acronianum.’'
802 1241 838 1276 S.
856 1241 968 1276 Jonas
985 1241 1072 1277 Vita
1089 1243 1125 1278 S.
1144 1242 1355 1279 Columbani
1373 1255 1448 1290 cap.
1468 1254 1570 1279 XXX.
1590 1245 1724 1279 Biblio-

337 1298 429 1332 thee.
445 1298 630 1333 Minorum
642 1298 793 1333 Patrum
805 1311 886 1346 pag.
939 1304 961 1319 “
973 1299 1108 1342 Gallus,
1119 1312 1163 1335 ex
1174 1300 1293 1335 Scotia
1303 1302 1518 1347 presbyter.”
1549 1302 1724 1348 Magistro

336 1366 402 1390 suo
420 1367 441 1390 a
459 1356 698 1390 Brunechilde
716 1356 842 1392 Galliis
860 1358 1026 1392 excedere
1038 1358 1153 1404 jusso,
1176 1358 1253 1403 ipse
1270 1359 1402 1393 ibidem
1425 1360 1606 1394 remansit.
1631 1359 1727 1393 Rhe-

336 1414 423 1459 gino
449 1413 558 1448 abbas
583 1413 717 1448 Chron.
770 1414 924 1449 Marian.
951 1415 1013 1449 lib.
1042 1424 1100 1449 111.
1124 1415 1289 1450 Chronic.
1318 1426 1411 1450 anno
1429 1425 1725 1450 nccccxxxvu.

337 1477 359 1491 ⁶‘
377 1471 600 1506 Monasteria
616 1476 821 1506 sanctorum
838 1471 1038 1513 Scotorum,
1065 1472 1186 1507 Sancti
1212 1472 1306 1508 Galli
1333 1478 1368 1509 et
1394 1474 1513 1509 Sancti
1540 1473 1727 1513 Bonifacii‚

337 1531 422 1576 igne
441 1530 735 1564 consumuntur.'’
777 1528 866 1564 Vita
882 1530 961 1576 ejus
977 1531 1175 1565 luculenter
1191 1531 1324 1576 scripta
1340 1543 1363 1566 a
1375 1531 1574 1567 Walafrido
1587 1531 1728 1566 Strabo-

336 1599 392 1628 ne,
412 1587 539 1622 abbate
553 1586 742 1632 Augiensi,
757 1588 853 1632 apud
867 1587 1013 1622 Surium
1027 1593 1080 1622 est
1098 1594 1183 1622 tom.
1202 1597 1239 1622 V.
1259 1589 1315 1623 die
1333 1598 1418 1624 XVI.
1439 1589 1563 1624 Octob.
1583 1600 1654 1634 quo
1671 1589 1727 1623 die

338 1645 416 1691 ejus
434 1645 643 1678 memoriam
660 1646 784 1679 recolit
801 1646 956 1679 ecclesia.
1000 1645 1128 1679 Franc.
1148 1645 1378 1691 Maurolycus
1393 1656 1402 1680 ε
1430 1650 1451 1665 “
1468 1646 1512 1680 In
1538 1646 1726 1680 Alemania

338 1702 374 1737 S.
394 1702 490 1736 Galli
507 1702 658 1742 abbatis,
677 1703 821 1737 natione
839 1702 947 1743 Scoti,
965 1708 1000 1737 et
1017 1702 1139 1737 Sancti
1153 1702 1363 1737 Columbani
1381 1703 1556 1748 discipuli,
1579 1704 1617 1738 in
1641 1703 1726 1738 Sue—

338 1761 398 1794 via
416 1759 663 1804 quiescentis.'’
715 1759 827 1794 Plura
851 1760 955 1795 Joan.
980 1760 1156 1794 Trithem.
1183 1760 1245 1794 lib.
1265 1769 1324 1794 111.
1351 1761 1394 1795 de
1418 1761 1528 1796 illust.
1555 1761 1633 1796 Vir.
1659 1760 1726 1795 Or-

337 1819 411 1852 din.
431 1817 467 1851 S.
487 1817 674 1851 Benedicti
692 1829 769 1863 cap.
789 1827 934 1852 LXXVI.
978 1818 1167 1863 Martyrol.
1186 1818 1291 1853 Rom.
1319 1822 1340 1838 “
1357 1817 1468 1863 Apud
1484 1817 1669 1853 Arbonam
1687 1819 1725 1852 in

340 1875 534 1910 Germania
564 1874 601 1909 S.
633 1875 727 1910 Galli
757 1876 906 1916 abbatis,
937 1876 1101 1919 discipuli
1136 1875 1240 1910 Beati
1276 1870 1519 1911 Columbani?
1582 1876 1726 1910 Monas-

337 1933 468 1968 terium
503 1934 729 1977 splendidum
763 1933 962 1968 aedificavit
996 1934 1041 1967 ad
1075 1933 1300 1967 Lidiniacum
1334 1932 1477 1973 flumen,
1520 1945 1583 1968 seu
1616 1935 1726 1968 Acro-

337 1992 486 2025 nianum
505 1993 634 2031 lacum,
660 1996 702 2025 ut
727 1991 904 2025 Bruschio
921 1992 1046 2035 placet,
1072 1996 1094 2010 “
1112 1996 1235 2025 contra
1259 1991 1353 2025 idola
1377 1995 1520 2026 strenue
1546 1992 1726 2026 conciona—

339 2050 431 2084 tuS.''
475 2049 662 2083 Cornelius
681 2048 970 2093 Corvipolitanus
984 2048 1045 2083 lib.
1061 2049 1103 2083 de
1118 2048 1323 2093 Temporib.
1342 2053 1364 2069 “
1374 2048 1411 2083 S.
1426 2048 1560 2090 Gallus,
1576 2061 1595 2083 e
1609 2050 1726 2084 Scotia

339 2106 497 2147 veniens,
526 2107 622 2151 apud
652 2106 837 2141 Helvetios
868 2107 1124 2141 monasterium
1159 2106 1396 2141 aedificabat?
1457 2107 1617 2152 Raphael
1648 2107 1726 2141 Ma-

339 2165 474 2210 phaeus
492 2164 750 2199 Volaterranus
768 2164 829 2198 lib.
850 2173 934 2198 XVI.
954 2164 997 2198 de
1014 2165 1080 2198 hoc
1101 2164 1268 2198 coenobio
1291 2169 1327 2198 et
1352 2165 1492 2212 oppido.
1545 2164 1726 2198 Notkerus

339 2222 513 2257 Balbulus
544 2222 582 2256 in
610 2222 848 2267 Martyrolog.
879 2231 965 2256 XVI.
997 2223 1130 2256 calend.
1159 2221 1352 2256 Novembr.
1372 2214 1407 2242 ⁷“
1426 2220 1630 2256 Translatio
1656 2233 1728 2257 cor-

339 2281 435 2325 poris
469 2279 590 2314 Sancti
619 2279 726 2320 Galli,
753 2284 787 2314 et
813 2280 987 2314 dedicatio
1013 2280 1179 2324 opiparae
1208 2284 1244 2314 et
1273 2280 1539 2314 decentissimae
1566 2279 1729 2314 basilicae

340 2338 465 2383 ipsius,
495 2349 587 2382 quae
614 2337 708 2371 inter
739 2337 828 2371 duos
854 2341 992 2372 montes
1019 2337 1176 2371 Cirrium
1202 2343 1238 2372 et
1263 2337 1621 2372 Waltrammesberch
1650 2348 1729 2371 con-

339 2400 477 2429 structa
511 2400 575 2435 est,
611 2406 632 2429 a
666 2395 813 2429 meridie
841 2395 973 2429 habens
1004 2393 1155 2429 fluvium
1183 2394 1363 2436 Steinaha,
1395 2394 1440 2429 ab
1473 2395 1637 2439 aquilone
1666 2393 1729 2428 flu-

340 2453 439 2487 vium
483 2452 657 2500 Nigraha,
702 2453 765 2498 qui
808 2454 905 2488 locus
947 2463 992 2488 ex
1025 2453 1139 2498 ipsius
1172 2452 1268 2488 beati
1301 2452 1445 2488 nomine
1478 2451 1599 2487 Sancti
1636 2451 1729 2487 Galli
