2032 2912
329 303 390 333 164
709 298 945 332 HISTORIA
970 298 1348 332 ECCLESIASTICA

329 398 481 441 scopalia
517 395 656 435 obiisse,
694 395 801 438 idque
832 393 960 438 probat
988 405 1032 427 ex
1063 394 1151 428 actis
1182 394 1314 428 ibidem
1345 393 1451 428 MSS.
1480 399 1516 430 et
1546 406 1589 430 ex
1619 395 1729 431 Vere-

330 455 460 488 inundo
486 453 711 497 presbytero:
738 463 863 485 verum
891 457 955 492 est,
982 456 1117 497 postea,
1145 453 1220 486 ritu
1245 453 1363 498 gentis
1390 458 1541 498 recepto,
1569 455 1728 500 trajecis-

328 526 363 546 se
390 513 426 545 in
455 510 680 550 Hiberniam,
708 515 817 554 atque
843 510 892 544 ibi
920 510 1130 555 aliquandiu
1156 510 1369 550 substitisse,
1397 511 1595 556 exindeque
1624 520 1658 547 et
1686 524 1729 546 ex

327 570 451 603 insulis
480 573 541 602 aut
577 579 621 601 ex
651 567 789 613 Anglia
819 576 895 601 XII.
925 568 1071 602 comites
1101 568 1169 602 sibi
1196 568 1400 609 adscivisse,
1426 574 1468 603 ut
1494 571 1728 614 apostolicum

325 638 413 671 opus
428 626 693 671 aggrederetur,
709 637 748 659 ac
766 630 843 659 tum
863 626 1019 670 quidem,
1040 626 1107 660 hoc
1126 626 1299 659 comitatu
1313 627 1620 661 sanctissimorum
1636 628 1728 662 viro-

325 696 402 718 rum
424 685 581 723 collecto,
606 684 737 717 iterum
762 684 869 718 rediit
893 684 930 717 in
955 683 1122 724 Scotiam,
1150 687 1185 717 et
1208 682 1394 718 Lismorae
1419 686 1644 731 evangelium
1671 697 1730 720 ex-

324 743 454 786 plicare
473 741 600 786 coepit.
638 741 772 785 Philip.
793 740 934 775 Ferrar.
955 750 1030 774 Hx.
1050 741 1177 775 Martii
1196 741 1233 774 in
1252 740 1314 775 SS.
1335 741 1472 782 Italiae,
1491 743 1553 787 qui
1572 745 1729 778 maxima

323 801 400 845 ejus
419 800 590 833 miracula
610 799 741 833 ibidem
761 799 879 839 habet,
898 803 940 833 ut
958 803 994 832 et
1012 797 1178 838 Ghinius,
1197 802 1233 832 et
1250 798 1380 833 Petrus
1404 800 1465 834 lib.
1486 810 1539 834 lv,
1566 801 1728 848 Catalogi

324 870 399 903 cap.
421 866 562 891 CXLIV.
581 862 634 896 ut,
653 868 734 890 cum
753 862 859 891 natus
878 861 981 896 esset,
1000 867 1157 890 marmor
1175 856 1290 900 capite
1308 858 1551 900 percussisset,
1569 859 1660 903 lapis
1678 864 1729 893 te-

321 918 414 951 nello
433 915 540 959 capiti
559 915 674 955 cessit,
699 915 841 949 mollior
859 926 948 954 cera,
967 914 1171 959 recepitque
1195 914 1322 958 capitis
1349 914 1524 960 figuram3
1552 920 1631 949 tum
1655 928 1729 951 ma-

323 981 413 1009 trem
437 984 481 1007 ex
505 973 624 1007 dolore
651 978 777 1017 partus
803 973 1056 1011 exanimatam,
1083 972 1205 1005 eodem
1232 971 1271 1004 in
1296 972 1373 1006 loco
1400 974 1567 1017 amplexu
1594 985 1658 1009 suo
1685 977 1730 1009 ad

322 1033 433 1066 vitam
452 1031 655 1071 revocavit3
680 1031 769 1064 duos
788 1029 943 1064 infantes
962 1042 983 1064 a
1001 1035 1115 1063 morte
1133 1029 1334 1069 suscitavit,
1352 1030 1510 1074 leprosos
1528 1033 1729 1073 mundavit,

323 1087 367 1124 ἀρ’
386 1090 529 1123 demum
553 1100 574 1122 a
597 1088 727 1122 Sancto
746 1088 854 1122 Petro
881 1088 917 1120 in
945 1088 1079 1122 somnis
1105 1087 1275 1127 monitus,
1302 1087 1339 1121 in
1367 1088 1510 1123 Italiam
1537 1090 1728 1134 profectus,

323 1147 472 1181 Tarenti
490 1146 606 1180 factus
626 1146 823 1190 episcopus,
848 1150 884 1180 et
907 1146 1012 1179 vivus
1036 1150 1072 1180 et
1098 1151 1262 1180 mortuus
1284 1146 1449 1191 gloriosis
1474 1147 1728 1183 miraculorum

323 1205 460 1239 actibus
479 1205 657 1249 apparuit.
710 1203 838 1237 Dicere
858 1208 977 1238 autem
998 1215 1079 1238 eum
1100 1203 1303 1237 Hibernum
1328 1208 1422 1245 ortu,
1451 1213 1505 1239 est
1531 1206 1629 1239 omni
1655 1206 1729 1241 his-

322 1264 433 1296 toriae
453 1263 709 1296 ecclesiasticae
728 1262 806 1295 luce
824 1261 984 1301 destitui,
1008 1273 1092 1295 nam
1115 1272 1180 1295 nec
1205 1265 1290 1295 tunc
1315 1262 1471 1306 quidem,
1496 1274 1560 1297 nec
1585 1268 1728 1298 centum

322 1321 474 1366 triginta
492 1331 604 1354 annos
624 1324 758 1364 postea,
776 1320 872 1353 ullus
891 1318 1095 1353 Catholicae
1113 1318 1194 1352 fidei
1215 1318 1427 1354 Hirlandiae
1444 1321 1567 1355 radius
1592 1322 1726 1363 illuxit,

324 1383 364 1412 ut
382 1389 425 1412 ex
443 1377 529 1412 Vita
547 1377 668 1411 Sancti
692 1377 840 1411 Patricii
860 1376 956 1411 Scoti
980 1381 1139 1422 apparet,
1164 1377 1226 1422 qui
1251 1377 1389 1421 primus
1414 1378 1511 1412 illius
1529 1380 1648 1425 gentis
1667 1392 1728 1414 an-

323 1449 370 1470 no
409 1445 570 1470 CCCXCI.
609 1436 792 1480 apostolus
823 1436 1089 1469 conversionem
1127 1435 1307 1468 tentavit:
1346 1435 1504 1470 viderint
1538 1447 1623 1482 ergo
1658 1439 1726 1473 viri

323 1495 418 1529 docti
446 1495 623 1538 quomodo
649 1493 830 1533 Cataldus,
861 1493 917 1527 vir
947 1493 1035 1527 adeo
1059 1492 1285 1537 apostolicus,
1312 1493 1407 1526 inter
1433 1493 1591 1528 ethnicos
1617 1497 1726 1536 nasci,

322 1564 386 1586 nec
403 1552 529 1585 deinde
548 1552 585 1585 in
600 1551 666 1584 fide
684 1552 826 1591 instrui,
845 1562 936 1595 quae
954 1551 1006 1584 illi
1030 1551 1097 1585 toti
1120 1550 1219 1596 genti
1242 1551 1376 1595 ignota,
1398 1552 1528 1595 potuit.
1581 1552 1727 1588 Scotum

323 1621 408 1656 ergo
425 1610 536 1643 fuisse
554 1614 705 1653 oportet,
725 1613 760 1643 et
779 1609 815 1642 id
830 1609 968 1643 ratione
982 1608 1136 1649 firmum,
1151 1608 1217 1642 etsi
1232 1613 1395 1642 auctores
1410 1609 1582 1644 deessent.
1611 1610 1728 1656 Scrip-

323 1669 369 1701 sit
388 1668 444 1701 vir
461 1672 605 1701 sanctus

472 1725 650 1758 Homilias
669 1726 714 1758 ad
733 1724 913 1769 Populum
1317 1724 1378 1759 lib.
1400 1734 1425 1759 1.

474 1782 528 1816 De
546 1782 755 1817 Visionibus
775 1783 849 1816 suis
1317 1783 1378 1817 lib.
1400 1793 1425 1817 1.

374 1841 513 1874 Floruit
533 1852 626 1874 anno
645 1849 808 1874 CCCLXI.
827 1840 889 1884 qui
909 1851 1023 1874 annus
1042 1844 1106 1880 est,
1124 1845 1165 1874 ut
1183 1845 1282 1885 puto,
1303 1841 1548 1886 depositionis.
1587 1842 1728 1878 Colitur

324 1900 447 1933 diebus
472 1908 546 1932 ux.
571 1898 708 1937 Martii,
733 1897 874 1931 Ferrar.
902 1902 938 1931 et
966 1907 1039 1931 ΙΙΧ.
1067 1903 1102 1932 et
1129 1908 1170 1932 X.
1198 1899 1301 1940 Maii,
1330 1899 1439 1933 Ghin.
1467 1899 1564 1935 Acta
1589 1901 1724 1936 Eccles.

324 1957 551 1990 Tarentinae.
605 1956 659 1989 De
695 1956 827 1990 sanctis
860 1955 974 1990 Scotis
1007 1955 1435 1991 Italicarumcivitatum
1467 1960 1639 2003 patronis,
1666 1971 1725 1994 ex-

324 2015 595 2048 cellentissimus
615 2013 802 2048 Galeottus
822 2013 941 2053 Picus,
960 2013 1186 2048 Mirandulae
1205 2015 1391 2059 princeps:

587 2135 655 2163 Lux
669 2135 812 2168 tenebras,
827 2144 929 2163 aurum
944 2133 1105 2172 plumbum,
1121 2134 1162 2163 sic
1178 2135 1272 2164 Scotia
1289 2135 1393 2164 Iernen

626 2183 736 2216 Vincit,
753 2182 892 2213 doctrina,
907 2181 1066 2220 relligione,
1082 2181 1159 2209 viris.

587 2230 671 2258 Clara
686 2230 794 2259 etenim
811 2230 938 2259 Innocuo
951 2230 1044 2267 pietas
1059 2235 1105 2257 est
1121 2230 1243 2258 Romula
1257 2231 1359 2269 primo,

626 2277 684 2310 Tu,
700 2277 840 2310 Bunifaci,
855 2278 910 2305 isto
924 2276 1017 2305 clarus
1031 2277 1061 2305 in
1076 2277 1142 2306 orbe
1157 2278 1242 2311 nites,

587 2324 722 2363 Cyriacus
737 2324 850 2353 decorat
864 2324 970 2357 sedem,
986 2330 1072 2362 atque
1087 2331 1205 2353 exornat
1220 2326 1356 2355 eandem:

631 2371 720 2400 Multi
736 2372 782 2400 alii
798 2382 937 2410 proceres,
952 2372 1147 2410 purpureique
1161 2379 1265 2410 patres.

589 2418 661 2446 Inde
677 2418 843 2447 Tarentinis
858 2419 952 2457 pergit
967 2419 1077 2448 radiare
1092 2419 1240 2452 Cataldus,

628 2464 760 2494 Donatus
776 2466 884 2505 Lupios
898 2467 987 2495 frater
1002 2471 1031 2494 et
1046 2466 1114 2495 inde
1129 2466 1230 2501 docet3
