2044 2992
1009 352 1092 392 xvii

357 457 526 500 Italus.”
585 457 668 498 Hic
681 456 859 511 legimus
874 457 1100 497 certissima
1116 455 1417 504 emendatione,
1438 455 1737 510 “Augustinus

357 523 459 563 Afer
487 522 710 562 haberetur
738 520 906 561 Italus.”
965 520 1009 560 P.
1038 524 1130 560 250.
1158 526 1179 544 ‘⁶
1198 521 1235 560 S.
1257 519 1465 574 Eloquius
1492 534 1544 561 ex
1569 520 1737 561 illorum

357 594 420 628 est
440 600 614 626 numero
634 585 708 640 qui
728 585 837 625 inter
863 589 1025 624 sanctos
1051 585 1211 632 relatus,
1241 584 1531 639 Martyrologii
1557 585 1736 625 Romani

356 664 440 690 non
470 657 529 691 est
556 651 757 704 ascriptus
783 647 971 689 tabulis.”
1030 648 1251 702 Ejusmodi
1284 649 1486 688 mendum
1518 664 1603 689 non
1634 649 1737 689 adeo

355 715 608 768 infrequens,
629 728 713 754 non
735 712 870 753 solum
896 712 1009 766 apud
1033 712 1342 766 Dempsterum‚
1371 713 1445 752 sed
1473 713 1598 752 etiam
1625 713 1738 767 apud

355 778 456 819 alios
476 778 705 832 scriptores.
755 777 1082 817 Emendavimus
1103 782 1255 824 autem,
1276 777 1422 816 “inter
1441 782 1603 817 sanctos
1623 777 1739 817 relati

353 857 493 883 -non
514 850 608 883 sunt
627 842 828 896 ascripti?

411 907 529 946 Toni.
551 906 590 946 ii.
611 920 649 960 p.
670 909 762 946 351.
785 911 805 929 ‘⁶
825 906 862 946 S.
885 905 1154 945 Hermannus
1175 918 1284 945 unus
1305 918 1357 944 ex
1376 904 1425 944 iis
1446 910 1509 944 est
1534 905 1733 958 patribus,

355 970 428 1023 qui
451 969 607 1023 Pelagii
628 969 872 1010 insanientis
892 969 1106 1009 audaciam
1121 983 1170 1009 eo
1189 969 1234 1009 in
1255 983 1382 1022 regno
1402 969 1628 1023 repressit.”
1676 969 1736 1008 Si-

355 1033 464 1074 milis
478 1034 630 1073 iterum
643 1033 881 1086 iterumque
895 1047 1007 1073 error
1022 1048 1031 1079 ;
1045 1033 1118 1073 sed
1130 1033 1440 1073 emendavimus
1453 1040 1735 1087 represserunt.

358 1098 403 1137 P.
425 1098 516 1137 356.
552 1103 572 1121 ‘⁶
593 1098 764 1151 Scripsit
796 1096 1020 1150 Dialogum
1051 1096 1094 1136 in
1129 1097 1418 1136 Controversia
1449 1096 1580 1144 Fidei,
1611 1110 1736 1150 quem

358 1161 437 1200 Th.
458 1162 678 1201 Smetonus
699 1166 885 1214 apostata
905 1160 1165 1214 impugnavit
1189 1166 1332 1200 contra
1358 1159 1616 1200 Catholicam
1643 1174 1737 1200 cau-

355 1238 452 1272 sam,
472 1224 551 1264 alia
571 1225 679 1278 patri
701 1225 829 1278 Tyrio
849 1225 1009 1264 edenda
1029 1223 1223 1277 reliquit:
1247 1224 1314 1263 An
1330 1224 1563 1277 prodierint
1577 1224 1733 1277 ignoro.

355 1287 424 1327 lib.
443 1291 493 1327 1.'’
534 1287 617 1327 Hic
637 1288 777 1327 omnia
791 1287 931 1327 minus
947 1293 1059 1327 recte
1074 1293 1173 1327 sunt
1193 1287 1401 1340 disposita.
1442 1286 1593 1327 Procul
1607 1288 1735 1327 dubio

354 1350 590 1404 legendum,
610 1351 718 1391 sicut
738 1357 781 1391 et
800 1365 874 1391 nos
893 1350 1080 1404 legimus,
1101 1350 1308 1404 “Scripsit
1323 1349 1548 1404 Dialogum
1568 1351 1612 1390 in
1628 1351 1736 1391 Con-

355 1415 551 1455 troversia
581 1415 710 1462 Fidei,
742 1428 868 1468 quem
898 1414 977 1454 Th.
1008 1415 1228 1454 Smetonus
1258 1420 1444 1468 apostata
1476 1415 1736 1468 impugnavit

354 1485 498 1519 contra
517 1478 775 1519 Catholicam
795 1492 970 1526 causam,
990 1477 1059 1518 lib.
1080 1478 1105 1517 i.
1164 1477 1259 1518 Alia
1279 1478 1394 1518 Patri
1417 1479 1546 1532 Tyrio
1575 1479 1735 1519 edenda

354 1543 548 1597 reliquit3
584 1557 637 1583 an
668 1543 901 1597 prodierint
932 1543 1112 1596 ignoro.”
1171 1542 1215 1582 P.
1246 1543 1340 1582 363.
1377 1549 1398 1566 ‘⁴
1423 1543 1474 1582 In
1500 1542 1735 1583 Ausonium

354 1607 682 1648 Commentarios
701 1608 859 1654 uberes,
884 1612 980 1660 post
1001 1606 1215 1654 Vinctum,
1236 1613 1279 1646 et
1299 1606 1563 1660 Scaligerum,
1592 1621 1639 1647 ac
1659 1607 1734 1647 cri-

354 1672 467 1718 ticos,
499 1671 569 1711 lib.
599 1672 623 1711 i.
654 1671 808 1711 dicitur
835 1671 1061 1711 emittere.”
1121 1671 1224 1714 Quis
1251 1685 1334 1711 non
1363 1671 1486 1719 videt,
1513 1671 1570 1712 sic
1595 1670 1735 1725 legen-

353 1736 485 1775 dum?
544 1741 565 1759 ‘⁶
592 1736 642 1775 In
676 1735 910 1775 Ausonium
941 1735 1270 1774 Commentarios
1301 1736 1447 1775 uberes
1481 1749 1527 1775 ac
1561 1735 1733 1781 criticos,

353 1805 447 1852 post
488 1799 688 1838 Vinctum
735 1805 777 1838 et
822 1797 1084 1851 Scaligerum,
1130 1797 1199 1838 lib.
1239 1799 1262 1838 i.
1310 1799 1465 1839 dicitur
1507 1799 1733 1839 emittere.’'

355 1863 399 1901 P.
423 1866 513 1905 439.
535 1868 556 1885 “
577 1862 634 1901 Et
654 1862 859 1901 incassum
880 1861 1024 1901 Rauae
1040 1861 1309 1902 Hirlandicae
1325 1862 1431 1902 tanti
1448 1862 1522 1902 viri
1541 1861 1734 1902 laudibus

355 1927 407 1965 ob
427 1940 475 1965 eo
495 1932 621 1965 axant
642 1926 684 1965 in
709 1924 852 1965 libello
879 1925 1035 1965 famoso
1062 1939 1147 1973 su0,
1175 1924 1257 1973 vili,
1285 1926 1463 1974 indocto,
1490 1927 1542 1966 ab
1565 1926 1734 1966 ecclesia

354 1989 618 2043 proscripto.’'
677 1989 791 2032 Quid
816 1989 892 2028 sibi
918 1988 1018 2029 velit
1044 1990 1089 2029 ob
1118 2003 1161 2029 eo
1186 1997 1321 2038 aoeant,
1351 2004 1436 2029 non
1463 1990 1507 2029 in
1535 1996 1731 2044 promptu

354 2059 426 2092 est.
486 2052 730 2105 Legendum
764 2058 905 2092 autem
938 2066 1093 2100 censeo,
1127 2058 1147 2076 ‘⁶
1166 2067 1289 2093 ranae
1324 2052 1594 2094 Hirlandicae
1625 2055 1731 2094 tanti

354 2117 429 2156 viri
452 2116 643 2156 laudibus
663 2116 920 2156 detrahant.”
971 2115 1060 2163 Vel,
1081 2116 1114 2156 si
1129 2117 1267 2164 mavis,
1285 2123 1332 2156 tu
1349 2116 1470 2170 legas,
1490 2123 1511 2141 ‘⁴
1533 2119 1586 2157 ob
1601 2132 1648 2158 ea
1664 2118 1733 2158 de-

354 2181 558 2220 trahant.”
598 2181 705 2220 Sunt
723 2186 863 2220 autem
882 2194 1005 2219 ranae
1019 2179 1297 2228 Hirlandicae,
1314 2181 1379 2226 the
1390 2180 1510 2228 {ft-ini)
1525 2182 1732 2221 ttnaktrz.

356 2244 399 2284 P.
422 2248 513 2287 587.
538 2250 558 2267 “
578 2243 777 2284 Novellae
797 2244 1127 2284 Constitutiones
1155 2244 1384 2284 Latinitate
1411 2245 1588 2285 donatae
1616 2245 1685 2285 lib.
1708 2246 1731 2285 i.

354 2309 490 2348 Antea
530 2307 809 2348 transtulerat..
883 2308 1093 2348 Henricus
1133 2307 1340 2361 Agylaeus
1380 2309 1731 2349 Buscouiduensis

353 2372 560 2412 Corradus
596 2372 885 2412 Ritterhusius
916 2372 1125 2426 prooemio
1155 2372 1244 2411 Jur.
1276 2372 1529 2413 Justinianei
1560 2387 1645 2427 cap.
1680 2374 1730 2413 iv.

355 2435 569 2477 Plutarchi
591 2436 727 2476 omnia
757 2437 892 2490 Opera
919 2435 987 2476 lib.
1010 2436 1034 2476 i.
1062 2449 1156 2475 cum
1184 2435 1297 2475 MSS.
1326 2436 1504 2477 contulit
1532 2437 1731 2477 Eduardo

1026 2500 1053 2533 (l
