2032 2912
667 346 844 379 GENTIS
869 345 1147 385 SCOTORUM,
1172 346 1261 378 LIB.
1288 346 1346 379 IV.
1646 347 1708 377 225

737 499 774 533 S.
801 498 1137 534 DESIGNATUS.
1191 502 1274 535 414.

310 617 345 651 S.
366 617 645 655 DESIGNATUS,
663 614 758 649 filius
777 615 876 649 ducis
894 614 1059 649 Dalensis
1078 626 1123 649 ex
1140 615 1213 649 filia
1230 616 1324 662 regis
1348 615 1496 657 Scotiae,
1521 617 1705 661 episcopus

312 674 552 721 Trajectensis
579 681 672 707 XIII.
720 672 809 707 Ant.
838 673 1084 709 Monchiacen.
1107 672 1320 708 Demochar.
1345 674 1410 709 lib.
1439 683 1482 708 11.
1509 675 1552 709 de
1578 674 1703 709 Sacris.

313 733 447 767 Missae
465 743 540 776 cap.
561 740 694 766 xxxv.
746 730 898 776 Scripsit

457 789 518 824 Ad
536 789 733 824 Ecclesiam
752 800 854 824 suam
1204 790 1264 824 lib.
1286 798 1310 824 1.

357 849 485 883 Sedere
502 849 618 894 coepit
635 859 730 882 anno
748 856 868 882 DV111.
888 847 977 884 obiit
995 858 1089 882 anno
1107 856 1194 882 Dxl.

558 1021 963 1056 DUNFERMELINI
991 1021 1311 1056 CHRONICUM.
1365 1024 1447 1056 415.

306 1139 748 1172 DUNFERMELINENSIS
784 1138 942 1172 coenobii
977 1139 1087 1172 codex
1120 1138 1191 1172 fuit
1226 1139 1502 1179 vetustissimus,
1533 1144 1569 1174 et
1598 1145 1702 1174 notae

306 1197 472 1241 optimae,
497 1196 558 1230 sed
585 1207 764 1240 anonymo
788 1201 955 1237 auctore3
981 1201 1080 1241 puto,
1106 1208 1126 1230 a
1150 1196 1274 1231 multis
1299 1197 1482 1231 monachis
1508 1199 1703 1232 successive

306 1255 471 1299 scriptuS,
493 1258 534 1288 ut
552 1266 593 1288 eo
611 1255 729 1288 seculo
747 1255 933 1288 usitatum.
987 1254 1023 1288 Is
1047 1259 1170 1299 postea
1193 1255 1346 1289 donatus
1368 1256 1583 1290 monasterio
1607 1256 1702 1290 Neu-

305 1313 411 1347 botle.
453 1312 537 1346 Non
551 1312 637 1353 vidi,
652 1312 713 1346 sed
729 1312 932 1346 Richardus
952 1312 1098 1346 Brunus
1117 1312 1155 1346 in
1173 1313 1439 1347 collectionibus
1457 1314 1532 1348 suis
1550 1313 1704 1349 Ecclesi-

305 1370 434 1405 asticae
454 1370 637 1405 Historiae
655 1369 844 1404 Scotorum
862 1381 965 1414 saepe
985 1370 1159 1404 meminit.
1212 1369 1385 1416 Elogium
1402 1372 1434 1405 ei
1455 1377 1541 1411 erat,

451 1428 566 1462 Vetus
584 1428 786 1462 chronicon
804 1426 1067 1462 Dunfermelini
1201 1427 1262 1462 lib.
1283 1436 1309 1462 1.

354 1486 591 1521 Perveniebat
609 1486 651 1519 ad
671 1497 806 1519 annum
826 1494 1033 1519 MCCCCLX.

584 1600 843 1636 JOSEPHUS
868 1600 1283 1636 DUNDRANENSIS.
1337 1601 1420 1637 416.

304 1718 326 1751 J
331 1726 509 1752 OSEPHUS
533 1717 819 1757 Dundranensis,
842 1717 988 1751 celebris
1012 1716 1232 1751 Dundranae
1258 1719 1465 1753 monasterii
1489 1720 1528 1753 in
1546 1719 1703 1753 Gallovi-

303 1777 372 1816 dia,
397 1775 493 1820 quod
518 1775 715 1821 Fergusius
739 1785 855 1808 comes
880 1774 1059 1815 fundarat,
1088 1776 1266 1815 alumnus,
1294 1775 1540 1812 Cisterciensis
1567 1778 1701 1811 ordinis

304 1834 510 1874 monachus,
529 1844 571 1867 ac
586 1837 711 1877 postea
727 1832 838 1877 prior.
890 1832 1041 1876 Scripsit

451 1891 505 1925 De
523 1890 725 1925 illustribus
745 1890 892 1925 Ordinis
911 1891 967 1925 sui
985 1889 1085 1925 Viris
1198 1892 1259 1926 lib.
1280 1901 1305 1925 Ι.

451 1949 506 1984 De
524 1949 739 1994 quibusdam
757 1948 898 1982 Sanctis
1198 1949 1260 1983 lib.
1281 1959 1305 1983 1.

452 2007 639 2042 Sermones
657 2018 720 2051 per
738 2017 872 2041 annum
1196 2008 1257 2042 lib.
1279 2017 1303 2041 1.

449 2065 622 2099 Lecturas
640 2065 678 2098 in
696 2064 897 2110 Evangelia
1197 2066 1257 2100 lib.
1280 2076 1303 2099 1.

352 2123 520 2158 Florebat
537 2134 631 2157 anno
652 2131 822 2156 mccxcx.

578 2237 852 2273 PATRICIUS
877 2237 1284 2274 DRYBURGENSIS.
1339 2242 1421 2278 417.

302 2356 527 2390 PATRICIUS
574 2354 855 2400 Dryburgensis,
899 2354 1093 2390 monachus
1136 2355 1392 2391 Benedictinus
1437 2357 1699 2393 reformationis

302 2413 678 2453 Praemonstratensis,
739 2412 984 2457 philosophus,
1047 2413 1246 2460 theologus,
1308 2419 1439 2456 orator,
1501 2427 1541 2451 ac
1595 2422 1723 2462 poeta'

301 2484 388 2507 aevo
423 2483 487 2506 suo
522 2471 686 2512 eximius,
721 2470 816 2516 apud
851 2475 1027 2506 nostrates
1062 2470 1211 2507 florebat
1245 2473 1330 2508 dum
1374 2475 1553 2519 tyrannici
1597 2476 1697 2520 spiri-
