2032 2912
336 309 377 339 46
714 301 943 335 HISTORIA
966 298 1337 332 ECCLESIASTICA

482 400 650 434 Lecturas
668 397 705 431 in
723 394 922 440 Evangelia
1266 392 1327 426 lib.
1348 400 1373 426 1.

481 455 525 489 In
543 465 662 489 omnes
681 452 783 486 Pauli
802 451 984 495 Epistolas
1264 450 1325 484 lib.
1345 457 1420 484 ΧΠ.

385 511 616 556 Theologicae
627 509 773 543 Parisiis
787 508 850 541 diu
861 507 999 541 scholae
1012 506 1179 551 praefuit,
1192 507 1254 541 ubi
1269 511 1290 527 ‘⁶
1303 508 1342 541 in
1355 506 1452 541 omni
1465 506 1613 542 scientia
1624 507 1715 541 divi-

335 580 378 603 na
396 573 430 602 et
448 568 601 601 humana
618 567 732 600 clarus
750 564 900 610 fulgenS‚
919 563 1140 598 Universalis
1154 563 1289 599 Doctor
1301 565 1433 599 meruit
1446 565 1647 609 appellari‚”
1662 565 1713 599 ait

333 626 486 659 Joannes
506 623 725 657 Trithemius
743 622 802 656 lib.
822 621 864 655 de
883 620 1122 665 Scriptoribus
1139 620 1345 656 Ecclesiast.
1363 633 1446 668 pag.
1465 630 1578 655 σοον.

382 681 597 715 Germanum
623 680 759 714 faciunt
784 678 963 718 Germani,
989 678 1088 711 nullo
1114 688 1198 712 sane
1224 684 1447 725 argumento,
1478 679 1572 713 Galli
1602 679 1715 712 civem

331 750 446 779 suum,
464 749 573 783 aeque
590 736 878 782 improbabiliter,
897 746 977 769 cum
995 738 1131 769 constet
1148 746 1230 769 eum
1247 736 1292 769 ad
1310 735 1356 770 D.
1374 735 1399 770 J
1400 736 1499 771 acobi
1517 740 1619 770 extra
1636 747 1714 770 mu-

330 807 387 830 ros
416 795 618 839 Herbipolis
648 793 881 828 monasticum
911 792 1070 826 ordinem
1100 791 1311 836 professum,
1340 792 1459 838 ibique
1487 794 1581 828 diem
1609 804 1713 828 suum

331 853 449 892 obiise,
467 863 560 886 anno
579 860 698 886 MCCC.
717 861 797 884 cum
816 849 1007 893 epitaphio,

628 914 722 943 Scotia
734 923 820 951 quem
834 912 945 951 genuit,
961 911 1121 941 Germania
1134 912 1232 942 condit
1247 913 1384 942 Alanum.

745 1019 769 1053 J
772 1018 978 1054 OANNES
1003 1017 1184 1054 ALTUS.
1236 1020 1259 1056 7
1261 1021 1296 1053 2.

327 1136 349 1169 J
353 1143 516 1170 oANNEs
533 1135 643 1169 Altus
661 1134 930 1180 Roxburgensis
956 1133 1083 1168 celebri
1101 1140 1245 1178 patrum
1268 1134 1440 1169 memoria
1463 1134 1618 1175 vivebat,
1636 1135 1716 1170 rhe-

326 1198 382 1227 tor
399 1204 438 1227 ac
459 1198 562 1237 poeta
584 1192 746 1226 eximius.
799 1191 899 1226 Inter
924 1192 1020 1226 hunc
1044 1195 1080 1225 et
1105 1190 1319 1225 Elisdanum
1342 1192 1588 1238 paedagogum
1614 1192 1712 1227 Mor-

326 1251 435 1295 pheti,
454 1251 552 1285 vicus
569 1254 624 1284 est
640 1251 678 1284 in
695 1248 830 1296 Anglia
848 1258 965 1283 XXIV.
984 1247 1150 1282 milliario
1174 1259 1195 1282 a
1219 1247 1357 1282 Scotiae
1381 1248 1524 1290 finibus,
1550 1249 1714 1284 simultas

326 1319 365 1342 ac
391 1308 433 1341 de
458 1319 495 1341 re
521 1307 679 1341 literaria
703 1306 911 1351 disceptatio
937 1304 1196 1345 intercedebat3
1225 1316 1377 1350 cumque
1407 1305 1602 1340 Elisdanus
1633 1317 1715 1340 eum

326 1370 537 1410 gentemque
566 1364 770 1398 universam
800 1362 985 1397 Scotorum
1016 1362 1203 1396 virulentis
1234 1362 1377 1407 scriptis
1403 1363 1628 1404 exercuisset,
1657 1364 1716 1397 ille

326 1422 409 1455 solis
435 1422 599 1456 convitiis
625 1421 772 1455 inferior
797 1432 834 1455 se
859 1420 1027 1454 acerrime
1052 1419 1097 1453 ab
1122 1419 1257 1465 injuria
1282 1419 1491 1461 vindicavit,
1516 1431 1715 1465 nomenque

327 1489 431 1512 suum
449 1478 589 1522 scriptis
606 1479 768 1518 asseruit,
785 1478 837 1512 ait
854 1477 1017 1517 Balaeus,
1035 1476 1255 1521 victoriaque
1273 1477 1496 1512 eruditorum
1509 1477 1646 1523 judicio
1663 1482 1715 1511 est

326 1536 471 1579 potitus.
524 1534 662 1579 Scripta
679 1539 789 1569 sunt:

472 1591 649 1638 Apologia
666 1596 795 1638 arguta
1259 1591 1322 1626 lib.
1343 1601 1367 1626 1.

471 1648 605 1682 Contra
622 1648 871 1683 Antiscoticon
1261 1648 1322 1683 lib.
1343 1657 1368 1682 1.

473 1705 748 1751 Epigrammata
1260 1705 1321 1739 lib.
1342 1714 1367 1738 Ι.

374 1762 540 1797 Florebat
557 1773 649 1796 anno
667 1762 793 1796 salutis
815 1770 977 1796 MCXXX.

792 1874 1128 1910 ALEXANDER.
1182 1879 1240 1914 73.

324 1991 593 2025 ALEXANDER
624 1990 876 2025 Benedictinus
907 1991 1100 2026 monachus
1126 1991 1411 2038 congregationis
1440 1991 1711 2034 Benchorensis‚

325 2049 379 2081 vel
405 2047 655 2088 Cluniacensis,
681 2052 723 2082 ut
748 2048 960 2092 quibusdam
986 2048 1114 2089 visum,
1141 2050 1209 2089 vel,
1235 2053 1277 2083 ut
1303 2048 1422 2083 verius
1440 2050 1512 2090 alii,
1540 2050 1710 2092 Scoticae,

326 2104 451 2138 Deirae
476 2104 666 2149 professus,
690 2105 808 2149 patria
824 2109 968 2139 exactus
992 2106 1172 2139 saeviente
1189 2105 1362 2139 bellorum
1380 2106 1541 2141 civilium
1561 2112 1712 2153 tempes-

326 2166 408 2201 tate,
431 2162 469 2195 in
492 2161 640 2196 Essebio
663 2160 817 2207 Angliae
842 2162 1056 2196 monasterio
1079 2162 1142 2196 diu
1164 2162 1267 2202 vixit,
1294 2163 1389 2197 unde
1411 2164 1463 2198 illi
1488 2163 1711 2200 Essebiensis

327 2223 605 2264 cognomentum.
642 2223 664 2239 “
677 2218 843 2253 Carmine
857 2220 1040 2259 excellens,
1056 2224 1090 2254 et
1105 2218 1243 2264 prosa,'’
1256 2219 1307 2254 ait
1320 2218 1442 2255 Uvion
1455 2221 1493 2255 in
1507 2220 1589 2268 Lig.
1604 2221 1711 2256 Vitae

329 2276 515 2320 adjunctis.
534 2275 754 2309 Banfiensem
769 2286 806 2309 se
823 2276 1011 2320 profitetur
1027 2276 1088 2311 lib.
1108 2285 1150 2310 11.
1166 2276 1352 2321 Epitomes
1371 2276 1554 2313 Historiae
1568 2278 1711 2313 Britan-

328 2333 426 2366 nicae
443 2332 480 2365 in
498 2332 628 2366 limine.
679 2331 754 2366 Nec
771 2332 878 2373 illius,
895 2337 1035 2378 praeter
1052 2333 1235 2374 Balaeum,
1259 2334 1355 2380 quod
1378 2335 1498 2375 sciam,
1521 2336 1710 2381 quisquam

330 2389 499 2428 meminit,
517 2389 577 2433 qui
595 2393 630 2423 et
647 2389 720 2433 ipse
737 2390 918 2425 mendacio
935 2395 1076 2425 assueto
1094 2390 1253 2437 Anglum
1271 2391 1368 2426 facit.
