2032 2912
327 309 389 341 168
710 301 943 335 HISTORIA
967 299 1342 332 ECCLESIASTICA

326 406 501 438 stinorum
520 405 709 438 auctorem,
729 396 905 431 Bonifacii
924 395 1031 430 VIII.
1058 396 1289 429 decessorem.
1344 394 1395 428 Ut
1422 404 1547 428 verum
1575 406 1645 429 non
1673 396 1719 428 sit

326 471 410 506 ergo
435 468 514 493 eum
539 455 741 501 pontificem
764 453 885 493 fuisse,
913 458 1006 487 certe
1032 454 1070 487 in
1097 458 1219 497 aperto
1246 458 1310 491 est,
1337 452 1495 486 maxima
1521 453 1721 487 sanctitatis

326 517 490 561 opinione
507 512 670 547 floruisse
689 512 786 551 olim,
805 516 841 545 et
858 522 953 545 nunc
970 511 1074 545 hodie
1093 511 1262 545 Coloniae
1280 510 1463 544 miraculis
1482 511 1720 550 inclarescere,

324 574 384 608 ubi
411 573 584 615 templum
612 570 720 604 habet
743 569 820 603 Deo
847 569 913 603 sub
939 570 1164 603 invocatione
1191 569 1316 613 ipsius,
1344 573 1379 602 et
1403 579 1527 602 versus
1554 569 1719 612 appositi,

323 631 452 675 quibus
470 633 623 675 papatus
642 628 812 662 honorem
833 639 913 661 eum
938 627 1074 673 fugisse
1099 627 1293 671 proditum.
1345 625 1441 660 Acta
1465 627 1630 660 ecclesiae
1655 626 1722 660 Co-

322 688 502 727 loniensis,
526 692 561 721 et
579 686 709 721 Petrus
733 685 958 730 Cratepolius
982 685 1157 718 Minorita
1183 685 1220 717 in
1246 684 1466 718 successione
1492 684 1587 717 illius
1615 684 1719 718 sedis.

321 744 479 781 Joannes
498 745 705 780 Gualterius
724 744 762 777 in
786 743 963 777 Chronico
987 742 1246 776 Chronicorum
1273 753 1354 788 pag.
1383 751 1556 776 MCCLXI.
1585 754 1627 775 ex
1655 743 1721 776 loci

321 804 498 838 archivis:

622 875 756 904 Clemens
771 873 899 913 Cyriace,
913 879 1052 911 papatum
1066 871 1175 904 renuis,

662 922 712 950 Ad
725 927 831 950 nutum
846 920 970 949 Ursulae
985 918 1126 947 decedens
1141 923 1277 947 strenuus

701 968 880 997 Triremibus
894 967 930 995 ad
946 967 1045 995 Ubios.

369 1039 502 1072 Passus
521 1040 574 1069 est
592 1046 685 1069 anno
704 1043 843 1068 CDLIV.
896 1032 1037 1067 Colitur
1058 1031 1115 1064 die
1140 1031 1218 1064 aliis
1243 1032 1433 1072 communi,
1461 1041 1550 1066 XXI.
1571 1032 1716 1068 Octobr.

319 1094 507 1130 translatio
526 1104 611 1127 vero
629 1092 750 1138 agitur
769 1100 889 1125 XXIX.
908 1090 1026 1134 April.

786 1206 821 1240 S.
850 1204 1105 1240 CORDULA.
1158 1207 1241 1243 289.

318 1333 337 1346 ‘⁶
352 1326 388 1360 S.
404 1325 617 1365 CORDULA,
637 1324 818 1359 Ursulana
832 1323 935 1369 virgo
949 1327 984 1357 et
994 1326 1144 1367 martyr,
1159 1333 1231 1356 una
1244 1326 1280 1356 et
1294 1334 1338 1356 ex
1351 1323 1551 1368 praecipuis
1567 1324 1712 1371 virgini-

315 1386 393 1425 bus,
413 1395 503 1429 quae
521 1383 615 1428 apud
634 1381 819 1416 Coloniam
843 1385 928 1415 sunt
950 1391 1075 1425 passae
1101 1391 1183 1414 cum
1205 1379 1340 1414 Ursula
1366 1392 1406 1414 ac
1431 1385 1509 1415 toto
1535 1383 1714 1428 collegi0.''

315 1442 435 1477 Verba
452 1446 537 1476 sunt
555 1441 654 1475 Petri
673 1439 867 1484 Cratepolii
885 1439 923 1472 in
941 1438 1060 1472 Sanct.
1076 1437 1243 1472 German.
1260 1449 1340 1484 pag.
1356 1448 1478 1473 XLIII.
1494 1444 1572 1473 tum
1591 1451 1635 1473 ex
1654 1452 1713 1475 ne-

316 1501 388 1534 scio
406 1511 477 1545 quo
495 1498 654 1533 Roberto
672 1498 723 1532 ait
741 1508 818 1531 eam
836 1496 881 1531 ab
903 1495 1054 1531 Alberto
1079 1496 1216 1542 Magno
1240 1498 1450 1531 translatam
1477 1502 1512 1532 et
1536 1499 1712 1539 levatam3

315 1558 495 1602 additque,
512 1561 533 1576 ‘⁶
547 1557 642 1601 apud
660 1556 835 1590 Dominas
851 1554 876 1588 J
877 1554 1042 1589 oannitas
1056 1559 1298 1595 conservatur,
1313 1555 1415 1601 cujus
1434 1556 1661 1600 sepulchrum
1677 1558 1713 1590 in

314 1616 419 1650 horto
437 1615 569 1649 visitur
581 1614 610 1648 :''
639 1625 704 1648 nec
721 1614 836 1658 plura.

364 1673 473 1707 Passa
492 1677 546 1707 est
563 1683 656 1706 anno
675 1681 814 1706 CDLIV.
833 1671 1077 1705 translationis
1095 1671 1171 1705 dies
1189 1675 1243 1705 est
1262 1671 1406 1716 ignotus
1426 1672 1520 1715 apud
1540 1682 1607 1705 me.

725 1786 760 1821 S.
790 1785 1160 1821 CONSTANTIUS.
1215 1789 1297 1825 290.

312 1906 347 1939 S.
380 1905 670 1938 CONSTANTIUS
702 1903 840 1945 Scotus,
871 1915 944 1937 una
974 1914 1054 1937 cum
1085 1902 1275 1937 Ursulanis
1306 1903 1384 1938 Deo
1414 1908 1603 1943 mactatus,
1630 1916 1709 1938 cum

312 1968 416 1997 antea
449 1963 575 1996 fuisset
610 1962 783 2001 laborum,
818 1963 904 2002 voti,
940 1962 1126 2002 castitatis,
1162 1974 1202 1997 ac
1236 1964 1535 2010 peregrinationis
1568 1964 1708 1998 comes:

310 2021 393 2054 hinc
421 2021 534 2065 liquet
564 2020 700 2065 aliquos
732 2021 838 2060 viros,
870 2020 1001 2064 pietate
1032 2021 1202 2066 insignes,
1235 2021 1393 2067 virgines
1428 2026 1569 2056 sanctas
1604 2022 1709 2056 domo

311 2079 506 2117 comitatos,
533 2089 614 2112 nam
642 2083 782 2122 praeter
808 2077 1010 2122 Cyriacum,
1041 2079 1084 2112 de
1110 2091 1182 2124 quo
1207 2080 1266 2113 hic
1291 2090 1410 2124 supra,
1439 2079 1613 2114 Jacobum
1643 2080 1709 2113 Pa-

311 2136 503 2169 triarcham
539 2136 817 2175 Antiochenum,
852 2135 986 2176 Scotos‚
1022 2137 1257 2172 Manthulum
1293 2138 1499 2182 episcopum
1535 2137 1706 2172 Basilien-

313 2204 397 2231 sem,
422 2193 481 2226 alii
505 2204 645 2237 quoque
668 2194 737 2227 viri
763 2194 801 2227 in
828 2194 1000 2227 comitatu
1027 2194 1136 2228 fuere.
1190 2194 1289 2229 Petri
1318 2195 1426 2229 verba
1452 2199 1536 2229 sunt
1560 2196 1620 2229 lib.
1651 2205 1706 2229 lx.

313 2261 386 2294 cap.
407 2258 564 2284 xxcvn.
598 2256 618 2270 ‘⁶
638 2251 745 2285 Pater
762 2251 916 2286 Ursulae
938 2252 1089 2286 Maurus
1113 2252 1442 2287 Christianissimus
1470 2265 1532 2287 rex
1559 2253 1707 2293 Scotiae,

313 2319 391 2341 cum
410 2308 499 2341 iram
519 2309 612 2354 regis
635 2309 790 2355 Angliae
814 2309 1022 2344 formidaret
1026 2335 1363 2345 ..........
1391 2312 1442 2345 eis
1465 2311 1707 2345 honorabilem

313 2365 520 2399 comitatum
552 2368 746 2401 multorum
778 2368 1024 2412 episcoporum
1056 2373 1092 2403 et
1122 2368 1295 2403 baronum
1325 2369 1481 2415 Angliae
1506 2374 1542 2403 et
1568 2368 1706 2402 Scotiae

312 2422 490 2456 tradidit.”
543 2423 601 2457 Ex
636 2424 764 2458 horum
800 2425 1045 2470 episcoporum
1081 2427 1135 2460 vel
1168 2426 1342 2461 baronum
1373 2437 1521 2460 numero
1553 2425 1706 2460 Sanctus
