2032 2912
677 337 852 370 GENTIS
877 337 1153 377 SCOTORUM,
1179 337 1267 369 LIB.
1294 338 1371 369 VII.
1660 339 1723 369 333

384 430 487 466 Vivit
505 432 631 473 adhuc,
650 437 685 467 et
703 433 745 466 de
763 444 874 477 pravo
892 433 930 467 in
948 432 1052 467 fidem
1070 432 1290 467 Catholicam
1316 433 1443 467 affectu
1469 433 1557 467 mihi
1584 444 1720 477 suspec-

336 494 406 529 tus,
425 494 460 523 et
478 491 608 524 nollem
628 495 747 525 tantas
767 492 866 526 dotes
885 496 958 525 tam
977 490 1040 524 vili
1059 491 1223 536 contagio
1240 490 1427 535 supprimi.

734 605 967 641 JOANNES
993 604 1191 639 GRAIUS.
1246 603 1327 638 625.

337 722 359 754 J
364 730 529 756 OANNES
549 721 680 757 Graius
704 720 1033 760 Haddintoniensis,
1053 719 1263 754 Parisiensis
1288 720 1483 766 theologus,
1502 726 1546 761 et,
1565 727 1604 755 ut
1623 728 1720 765 puto,

337 778 383 813 D.
404 779 584 814 Francisci
602 780 723 814 frater.
776 779 926 824 Scripsit
944 779 1057 812 multa
1073 788 1082 811 z
1109 778 1146 811 in
1164 777 1234 817 his,

487 837 542 871 De
560 837 706 884 Figuris
724 837 924 872 Bibliorurn
1178 834 1238 868 lib.
1260 843 1283 867 1.

487 895 601 940 Super
619 895 855 930 Sacramentis
1179 892 1239 926 lib.
1261 901 1285 925 1.

488 953 656 987 Carmina
674 954 773 987 varia
1178 952 1238 986 lib.
1259 960 1283 985 1.
1348 951 1461 986 Extat
1508 953 1724 998 epigramma

537 1012 631 1056 apud
664 1011 863 1045 Henricum
890 1009 1003 1044 Villot
1034 1009 1183 1055 Belgam
1213 1008 1367 1042 Athenis
1394 1009 1612 1044 Orthodoxis
1643 1022 1722 1056 pag.

538 1078 741 1103 CCXXXIX.
760 1069 855 1114 quod
873 1068 1070 1113 praefixum
1088 1067 1274 1101 Thesauro
1293 1065 1557 1112 Theologorum
1575 1067 1724 1102 Joannis

537 1127 679 1161 Picardi
697 1124 937 1166 Franeiscani,
955 1126 1105 1171 dignum
1123 1129 1176 1160 est
1194 1124 1289 1169 quod
1307 1129 1528 1168 apponatur:

603 1224 677 1259 Quis
691 1233 767 1262 rogo,
781 1229 841 1252 tam
855 1222 975 1256 nitidus,
990 1232 1107 1261 superas
1121 1226 1180 1249 tam
1194 1221 1290 1249 cultus
1304 1221 1334 1248 in
1348 1230 1418 1253 oras,

641 1271 815 1310 Summaque
830 1270 977 1299 doctorum
990 1269 1070 1298 venit
1085 1269 1116 1296 iu
1129 1278 1177 1297 ora
1190 1267 1272 1301 liber,

603 1317 774 1357 Hesperius,
790 1317 903 1351 Gallus,
920 1317 1093 1349 Germanus,
1109 1320 1139 1344 et
1156 1314 1258 1349 Italus,
1274 1313 1396 1352 Anglus,

642 1365 809 1399 Armenius,
825 1364 936 1399 Scotus,
952 1364 1093 1397 Persicus,
1110 1362 1211 1396 Indus,
1226 1364 1342 1393 Arabs?

604 1412 659 1440 Cui
672 1418 733 1441 tam
747 1412 938 1450 multigenam
951 1411 1003 1440 soli
1017 1411 1086 1439 licet
1099 1420 1170 1444 esse,
1185 1410 1304 1439 Joannis

645 1459 759 1488 Picardi
771 1459 825 1488 hoc
840 1459 935 1488 virtus
948 1458 1156 1497 ingeniumque
1168 1457 1246 1486 facit.

392 1551 534 1585 Floruit
551 1561 645 1585 anno
666 1559 793 1584 MD111.

720 1664 993 1699 ROBERTUS
1020 1662 1225 1698 GRIMUS.
1281 1662 1363 1697 626.

343 1784 565 1817 Ronfflvrus
584 1781 730 1816 Grimus
748 1781 829 1826 quis
846 1781 967 1821 fuerit,
989 1783 1052 1814 aut
1069 1779 1129 1813 ubi
1149 1779 1291 1819 vixerit,
1319 1790 1389 1823 qua
1408 1778 1501 1811 vitae
1519 1777 1728 1815 conditione,

344 1852 416 1876 non
433 1839 659 1885 deprehendi.
714 1839 793 1873 Hoc
810 1843 950 1873 tantum
969 1842 1063 1872 certo
1081 1841 1229 1876 constat,
1249 1837 1429 1881 scripsisse

495 1897 538 1931 In
556 1898 677 1932 omnia
694 1896 895 1942 Evangelia
932 1932 934 1934 ,
983 1895 1043 1929 lib.
1065 1903 1090 1928 1.
1141 1894 1279 1928 Auctor
1298 1893 1536 1928 Bibliothecae
1555 1891 1730 1925 classicae

541 1966 624 2002 pag.
643 1963 839 1989 chxxw.

395 2012 496 2048 Vivit
515 2013 631 2047 adhuc
649 2013 688 2047 in
707 2011 919 2047 Germaniis.

821 2165 931 2191 1³1le
950 2165 1065 2191 LIBRI
1084 2164 1266 2191 SEPTIMI.
