2032 2912
686 341 862 375 GENTIS
887 340 1165 379 SCOTORUM,
1189 340 1278 372 LIB.
1305 340 1370 372 111.
1662 339 1724 371 173

659 435 875 470 THOMAS
901 434 1256 469 CARNIGILLUS.
1310 437 1393 473 299.

331 495 508 529 THOMAS
529 493 758 540 Carnigiflus,
776 493 914 526 scholae
932 493 1197 527 Aberdonensis
1216 492 1427 537 praefectus,
1446 492 1503 526 vir
1521 490 1721 525 literatissi-

329 564 420 593 mus,
439 552 575 597 primae
593 562 691 584 meae
704 551 876 595 juventae
894 550 1091 584 institutor.
1144 549 1295 594 Scripsit

478 609 688 643 Poematum
706 607 826 646 libros,
845 610 880 640 et
897 605 920 639 J
924 607 995 640 usti
1014 606 1130 651 Lipsii
1155 607 1198 640 de
1222 607 1435 641 Constantia
1456 607 1565 642 libros
1593 608 1631 641 in
1654 607 1721 640 lin-

525 677 635 712 guam
653 664 830 698 Scoticam
848 664 1047 698 transtulit.

379 725 481 759 Obiit
498 735 592 758 anno
611 731 746 756 MDCII.
765 721 879 756 hostis
896 721 1167 756 haereticorum.

673 820 897 855 JACOBUS
923 819 1241 854 CARMICHEL.
1294 823 1378 855 300.

328 897 509 931 JACOBUS
537 895 737 931 Carmichel
765 894 1072 935 Hadintoniensis‚
1100 894 1232 929 Graece
1257 906 1298 929 ac
1324 895 1454 930 Latine
1480 895 1718 930 doctissimus.

329 954 478 1000 Scripsit

477 1011 740 1046 Dictionarium
758 1010 1081 1045 Graeco-Latinum
1100 1010 1279 1045 Scoticum
1297 1012 1358 1046 lib.
1376 1021 1401 1045 1.
1421 1023 1509 1057 opus
1524 1011 1656 1045 infiniti
1674 1012 1723 1045 la-

527 1069 633 1108 boris,
652 1074 687 1103 et
704 1069 905 1102 reconditae
922 1069 1193 1113 disquisitionis,
1211 1069 1307 1113 quod
1326 1069 1484 1104 Thomas
1504 1069 1720 1103 Thomasius

527 1126 671 1173 Anglus
696 1126 759 1159 vili
782 1126 897 1170 pretio
921 1126 965 1159 ab
988 1127 1049 1160 illo
1075 1126 1172 1166 emit,
1197 1131 1232 1160 et
1257 1138 1323 1161 suo
1348 1128 1491 1161 nomine
1508 1127 1721 1172 publicavit3

527 1189 563 1218 et
593 1195 674 1218 cum
709 1184 768 1217 ille
797 1182 866 1216 fide
900 1184 994 1223 data,
1024 1184 1261 1229 jurejurando
1290 1184 1511 1230 interposito,
1541 1185 1723 1219 silentium

528 1241 761 1285 promisisset,
781 1251 837 1274 res
856 1242 1004 1286 vulgata
1021 1241 1065 1274 ab
1082 1241 1127 1274 iis
1149 1242 1211 1287 qui
1235 1241 1375 1276 chartas
1399 1243 1438 1276 in
1463 1253 1586 1276 museo
1611 1242 1723 1286 ipsius

528 1297 771 1344 autographas
790 1298 975 1332 vidissent.

380 1356 484 1390 Vixit
502 1355 617 1389 adhuc
637 1354 879 1389 Hadintoniae
897 1355 935 1389 in
953 1354 1071 1389 Scotia
1088 1356 1300 1396 haereticus,
1324 1357 1386 1391 sed
1410 1357 1605 1391 catholicus
1623 1356 1723 1396 obiit,

330 1426 351 1448 a
370 1413 528 1448 Patricio
546 1412 760 1447 Andersono
778 1412 964 1446 Societatis
983 1413 1191 1458 presbytero
1209 1414 1404 1448 absolutus.

700 1509 935 1545 JOANNES
961 1510 1227 1546 CAMERON.
1281 1514 1363 1547 301.

330 1587 353 1621 J
356 1595 523 1621 oANNEs
542 1586 718 1621 Cameron
735 1586 1047 1630 eloquentissimus
1065 1586 1175 1621 bonas
1194 1592 1287 1622 artes
1307 1587 1434 1622 Galliis
1448 1588 1510 1622 diu
1523 1588 1649 1622 celebri
1666 1600 1727 1622 no-

330 1646 425 1679 mine
451 1644 644 1690 professus,
671 1644 728 1677 vir
754 1644 932 1677 maximus
960 1644 1106 1678 indubie
1132 1644 1289 1685 futurus,
1316 1646 1346 1680 si
1373 1645 1595 1680 Catholicam
1622 1646 1726 1680 fidem

331 1703 467 1737 haeresi
484 1702 723 1747 praetulisset.
776 1701 926 1745 Scripsit

482 1759 723 1793 Orientalium
742 1758 969 1804 Linguarum
988 1758 1223 1793 Collationem
1347 1760 1408 1794 lib.
1430 1769 1455 1794 Ι.

483 1817 678 1851 Hebraicos
698 1816 871 1861 quosdam
890 1820 1050 1850 auctores
1068 1815 1198 1851 Latine
1216 1817 1325 1851 vertit
1348 1818 1409 1852 lib.
1430 1828 1454 1852 1.

382 1875 485 1910 Vixit
516 1874 685 1909 Salmurii
717 1874 853 1918 patriae
888 1878 1096 1908 ornamento
1112 1885 1120 1907 :
1162 1885 1257 1908 nunc
1287 1875 1393 1910 audio
1424 1875 1572 1910 Parisiis
1608 1876 1727 1910 ortho-

333 1935 461 1968 doxam
481 1933 585 1967 fidem
603 1931 814 1976 professum,
834 1943 874 1966 ac
892 1931 1064 1965 Glascuae
1082 1943 1197 1977 agere.

811 2031 854 2064 B.
882 2029 1121 2065 CLAUDIA.
1174 2034 1254 2066 302.

336 2107 378 2141 B.
402 2107 607 2146 CLAUDIA,
633 2106 796 2140 Romano
821 2110 1055 2151 cognomento
1078 2111 1262 2150 assumpto
1286 2106 1418 2141 Rufina
1443 2108 1548 2147 dicta,
1577 2108 1728 2154 insignis

337 2164 472 2198 Romae
486 2164 632 2208 poetria,
648 2163 715 2197 sub
729 2163 920 2208 imperium
934 2162 1144 2197 Domitiani.
1165 2163 1217 2197 M.
1237 2164 1415 2199 Martialis
1434 2164 1578 2210 Coquus
1593 2165 1653 2199 lib.
1670 2174 1727 2199 XI.

336 2223 429 2268 epig.
452 2231 531 2255 LIV.

638 2293 760 2322 Claudia
774 2293 911 2322 caeruleis
925 2304 990 2322 cum
1006 2294 1043 2322 sit
1059 2294 1163 2323 Rufina
1178 2294 1325 2323 Britannis

679 2341 777 2375 Edita,
793 2351 878 2379 quam
893 2341 994 2370 Latiae
1008 2347 1123 2379 pectora
1136 2341 1228 2379 plebis
1242 2342 1328 2371 habet
1342 2343 1348 2370 !

641 2388 736 2424 Quale
751 2388 839 2417 ‹lecus
854 2389 960 2417 formae
974 2390 979 2416 !
1008 2389 1163 2417 Romanam
1178 2389 1272 2418 dicere
1287 2395 1393 2418 matres

682 2435 802 2465 Italides
816 2442 941 2474 possent,
957 2436 1096 2464 Atthides
1110 2446 1171 2464 esse
1185 2446 1276 2465 suam.

640 2483 680 2511 Di
696 2484 779 2517 bene,
794 2483 870 2521 quod
884 2489 981 2512 saneto
996 2484 1107 2522 peperit
1124 2484 1264 2512 foecunda
1277 2484 1390 2517 marito,

681 2530 768 2566 Quod
782 2538 877 2569 sperat
892 2541 1020 2569 generos,
1035 2531 1168 2570 quodque
1182 2531 1279 2570 puella
1294 2542 1392 2560 nurus.

644 2578 691 2607 Sic
705 2578 815 2617 placeat
830 2579 949 2617 superis,
966 2585 998 2607 ut
1012 2579 1132 2617 conjuge
1147 2579 1271 2617 gaudeat
1286 2589 1352 2612 uno,
