2032 2912
676 331 852 364 GENTIS
875 331 1151 373 SCOTORUM‚
1176 333 1265 366 LIB.
1292 334 1370 366 V11.
1659 335 1723 366 313

780 483 816 518 S.
843 483 1137 519 GISVALDUS.
1191 488 1274 520 582.

337 595 372 630 S.
392 595 625 631 GISVALDUS
643 597 832 639 confessor,
850 599 966 633 socius
983 610 1024 633 ac
1041 599 1235 644 discipulus
1253 601 1287 634 S.
1310 600 1506 645 Disybodii,
1525 605 1561 635 et
1578 611 1659 635 cum
1677 613 1719 635 eo

336 664 382 687 ex
398 654 516 698 patria
532 665 695 700 egressus
712 655 751 689 in
769 655 895 702 Belgio
913 656 1075 690 substitit
1092 657 1137 690 ad
1152 657 1314 692 Montem
1332 657 1417 691 Divi
1436 657 1546 698 Petri,
1560 663 1601 692 ut
1614 669 1722 702 supra

336 710 397 745 lib.
418 720 471 745 IV.
490 711 637 752 dictum,
661 717 697 746 et
720 713 797 747 vita
820 714 914 757 apud
938 713 1083 747 Surium
1108 718 1271 748 testatur.
1324 714 1434 749 Errat
1459 726 1543 749 vero
1565 714 1720 749 Joannes

337 767 517 809 Leslaeus,
534 769 597 814 qui
615 769 654 803 in
672 769 788 804 Fulda
805 781 864 804 eos
883 771 1014 805 vixisse
1032 771 1155 805 scribit
1173 772 1233 805 lib.
1255 780 1307 805 1v.
1326 782 1406 817 pag.
1426 780 1537 805 CLXI.
1556 783 1640 806 nam
1658 772 1720 806 diu

335 829 417 870 post
434 825 499 859 hos
516 825 584 861 Dei
602 827 698 862 viros
715 828 893 872 depositos
911 828 1028 862 Fulda
1045 840 1065 862 a
1083 827 1197 863 Scotis
1216 829 1380 869 condita3
1407 833 1448 862 ut
1473 829 1511 862 in
1529 828 1592 863 SS.
1611 829 1721 864 Boni-

336 882 420 917 facii
454 888 491 917 et
521 884 661 918 Rabani
693 885 792 925 actis,
823 885 890 919 hoc
920 895 1037 930 opere.
1094 884 1235 931 Scripta
1265 886 1530 920 interciderunt.
1585 886 1722 921 Claruit

337 952 431 976 anno
450 949 621 976 DCLxlv.

820 1057 855 1092 S.
883 1056 1107 1092 GONORA.
1159 1059 1243 1092 583.

339 1172 375 1205 S.
394 1171 581 1212 GoNORA‚
599 1183 662 1206 seu
680 1171 859 1212 Guanora,
881 1171 1037 1206 Arthuri
1055 1172 1150 1206 illius
1168 1172 1312 1207 celebris
1331 1172 1484 1218 Angliae
1501 1174 1595 1219 regis
1621 1185 1722 1213 uxor,

338 1235 374 1263 et
403 1230 528 1263 vivens
555 1234 591 1264 et
620 1229 781 1274 deposita
808 1229 885 1263 Deo
910 1234 1062 1274 accepta,
1092 1234 1196 1275 capta
1226 1230 1263 1263 in
1288 1231 1420 1275 praelio
1450 1242 1472 1264 a
1503 1230 1616 1265 Scotis
1648 1231 1726 1264 Pic-

338 1287 465 1332 tisque,
500 1287 562 1331 qui
595 1287 640 1321 ad
675 1286 880 1321 Humbrum
913 1286 1116 1322 Arthurum
1150 1287 1327 1329 fuderant,
1363 1288 1401 1321 in
1435 1287 1552 1322 Scotia
1586 1289 1724 1332 sepulta

338 1345 504 1390 Megylae
529 1344 736 1378 duodecimo
762 1344 806 1378 ab
831 1343 957 1379 Alecto
982 1345 1136 1385 milliari,
1166 1345 1227 1378 ubi
1255 1345 1449 1379 etiamnum
1476 1345 1581 1378 hodie
1606 1349 1725 1378 tumu-

337 1403 393 1435 lus
419 1401 559 1441 visitur,
589 1401 769 1435 miraculis
793 1401 955 1441 assiduis,
977 1401 1134 1435 sectariis
1160 1402 1248 1446 ipsis
1273 1401 1478 1440 fatentibus,
1505 1401 1723 1440 celebratus3

337 1470 420 1493 nam
454 1469 685 1503 quaecunque
718 1458 883 1492 mulieres
917 1459 1033 1492 locum
1063 1459 1208 1498 calcant,
1243 1458 1477 1498 sterilescunt,
1507 1469 1616 1503 quare
1646 1463 1727 1492 ante

337 1527 467 1561 paucos
501 1527 623 1555 annos,
667 1526 748 1550 cum
789 1514 991 1559 frequentes
1033 1526 1074 1549 eo
1114 1515 1267 1550 feminae
1300 1515 1559 1550 incontinentes
1597 1514 1729 1549 conflu-

338 1578 448 1614 erent,
477 1578 520 1607 ut
545 1573 691 1618 impune
717 1572 898 1606 libidinari
925 1577 1080 1617 possent,
1112 1584 1176 1607 nec
1201 1577 1343 1607 uterum
1369 1577 1520 1618 gestare,
1551 1573 1652 1616 quasi
1679 1572 1728 1606 bi-

337 1629 468 1668 dental,
498 1628 623 1672 cippus
652 1638 755 1661 muro
782 1627 950 1661 inclusus.
1004 1629 1139 1664 Hector
1169 1630 1343 1664 Boethius
1370 1630 1432 1664 lib.
1461 1639 1516 1663 lx.
1547 1641 1622 1673 cap.
1653 1638 1726 1662 ΧΠ.

338 1686 376 1719 in
404 1685 566 1719 versione
589 1685 730 1730 vulgari
753 1683 878 1718 Jacobi
896 1684 1104 1727 Ballantini,
1131 1687 1287 1733 theologi
1305 1686 1546 1727 Sorbonensis,
1574 1687 1633 1720 ubi
1652 1687 1724 1720 sic:

339 1747 360 1762 “
379 1741 567 1777 Guanorae
584 1743 744 1776 tumulus
769 1746 843 1776 tam
869 1742 1031 1787 religiose
1056 1744 1185 1784 aditur,
1212 1748 1253 1778 ut
1278 1743 1443 1777 mulieres
1469 1744 1568 1777 illum
1596 1745 1727 1777 calcare

339 1804 539 1840 vereantur,
557 1804 687 1844 putant
711 1799 806 1833 enim
833 1799 1005 1834 calcantes
1031 1801 1130 1834 reddi
1157 1801 1305 1841 steriles,
1331 1807 1372 1834 ut
1398 1801 1474 1845 ipsa
1500 1800 1601 1834 fuit.”
1651 1800 1727 1833 Me-

339 1858 445 1892 minit
462 1856 618 1891 Joannes
635 1856 803 1891 Leslaeus
823 1856 883 1890 lib.
907 1865 959 1890 lv.
978 1868 1059 1904 pag.
1079 1867 1218 1891 CXLVI.
1271 1857 1341 1892 Hic
1366 1862 1419 1892 est
1445 1858 1503 1892 ille
1529 1857 1724 1897 Arthurus‚

338 1916 381 1950 de
415 1926 486 1960 quo
520 1913 715 1949 Gaufridus
750 1914 1031 1949 Monumetensis
1073 1920 1174 1949 tanta
1214 1926 1253 1949 ac
1287 1919 1360 1949 tam
1395 1916 1599 1961 prodigiosa
1635 1926 1727 1948 com-

339 1978 491 2013 mentus,
517 1976 558 2006 ut
576 1972 704 2006 merito
721 1971 854 2005 ironice
870 1970 1069 2006 Arthurius
1095 1973 1254 2006 dicatur:
1281 1973 1350 2012 ille,
1377 1973 1407 2006 si
1433 1983 1548 2018 nugae
1575 1973 1724 2016 placent,

339 2042 411 2065 non
428 2030 598 2064 finitimos
616 2030 721 2064 modo
739 2028 872 2068 ScotOS,
900 2028 1030 2070 Pictos,
1057 2034 1092 2063 et
1115 2029 1293 2064 Hibernos
1319 2030 1386 2064 sibi
1412 2030 1579 2069 subdidit,
1606 2029 1666 2063 sed
1691 2033 1726 2062 et

339 2088 511 2128 Islandos,
559 2087 785 2126 Pomeranos,
828 2085 1014 2127 Lituanos,
1061 2087 1222 2127 Russios,
1268 2087 1400 2128 Dauos,
1449 2086 1725 2126 Fin-Marchios,

338 2146 522 2186 Zelandos,
553 2144 722 2185 Livonos,
753 2144 901 2183 Gothos,
931 2143 1147 2185 Armoricos,
1180 2144 1365 2186 Flandros,
1395 2145 1603 2185 Hollandos‚
1638 2143 1725 2178 Bra-

340 2205 476 2244 bantos,
511 2203 684 2243 Morinos,
720 2201 949 2240 Orcadianos‚
984 2201 1190 2241 Britannos,
1220 2202 1474 2247 universasque
1505 2202 1639 2236 Gallias
1670 2202 1725 2235 sui

335 2261 429 2307 juris
458 2260 567 2301 fecit;
602 2261 748 2304 insuper
779 2258 1005 2298 Graecorum,
1036 2259 1236 2298 Persarum,
1267 2258 1455 2293 Medorum
1486 2269 1586 2304 reges
1621 2258 1726 2292 vecti-

339 2320 435 2365 gales
463 2318 567 2358 fecit3
599 2318 761 2361 denique,
792 2327 835 2349 ne
865 2316 951 2360 quid
979 2316 1109 2350 solidae
1138 2316 1270 2362 gloriae
1300 2316 1446 2357 deesset,
1478 2316 1630 2350 Lucium
1657 2315 1726 2348 Ro-

340 2387 525 2410 manorum
562 2375 812 2420 imperatorem
846 2373 912 2406 sub
940 2373 1071 2419 jugum
1101 2373 1210 2407 misit.
1263 2373 1315 2407 Et
1345 2374 1425 2418 quis
1455 2374 1540 2407 haec
1573 2373 1725 2407 Autum-

340 2434 378 2467 ni
413 2433 560 2473 somnia,
593 2437 628 2466 et
663 2432 821 2466 Milesias
856 2430 1104 2465 fascinationes
1138 2430 1240 2471 ferat,
1279 2442 1360 2465 cum
1390 2442 1411 2465 a
1440 2430 1554 2465 Scotis
1582 2431 1640 2464 ille
1670 2429 1726 2462 Pi-
