2032 2912
333 308 375 337 58
712 296 944 331 HISTORIA
967 291 1343 328 ECCLESIASTICA

336 400 444 438 lisset,
466 396 534 431 nisi
557 399 629 429 tam
653 395 756 438 longe
780 389 940 436 pontifex
967 387 1149 428 abfuisset,
1174 386 1301 422 turbae
1326 386 1365 421 in
1390 385 1519 420 Galliis
1542 386 1728 433 religionis

335 456 491 493 obtentu,
520 452 711 486 immatura
739 447 803 482 filii
834 450 942 487 aetas,
975 450 1011 480 et
1041 444 1173 480 infidus
1202 444 1463 479 haereticorum
1497 443 1726 478 subditorum

335 512 486 549 animus,
511 507 610 543 ducis
636 505 752 540 Guisii
778 504 894 539 Blesis
921 513 1018 537 mors
1043 502 1239 547 inopinata,
1263 502 1309 536 ad
1334 501 1503 536 ultimum
1529 499 1727 546 Hispanica

336 567 453 602 classis
467 567 675 609 tempestate
688 563 846 608 disjecta,
859 566 934 595 tam
947 559 1060 595 sancti
1074 560 1248 606 propositi
1260 564 1420 595 tenorem
1438 559 1726 605 interrupissent.

337 624 518 659 Scribebat
535 633 628 657 anno
646 627 906 656 MDLxxxvn.

682 715 969 754 ANONYMUS
994 714 1242 751 CRITICUS.
1295 717 1379 751 100.

337 797 638 830 REDEUNnBUs
654 793 778 833 literis,
796 796 831 826 et
854 790 966 826 veluti
987 789 1144 824 recidiva
1166 790 1245 824 luce
1266 794 1349 834 post
1372 793 1447 824 tam
1471 793 1626 824 atrocem
1650 790 1730 824 bar-

335 853 468 888 bariem
497 850 734 899 gaudentibus
764 850 892 890 Musis,
922 858 1122 893 anonymus
1153 846 1279 881 Scotus
1314 846 1354 883 in
1388 844 1601 882 bibliotheca
1634 847 1729 894 regis

338 909 492 956 Magnae
509 908 719 943 Britanniae
736 919 755 941 e
773 906 908 941 Graeco
924 905 1093 941 idiomate
1109 903 1243 939 Latina
1259 903 1344 938 fecit

484 965 711 1000 Constantini
738 964 939 1010 Geoponica
963 963 1024 997 lib.
1053 971 1078 996 1.
1110 973 1204 997 anno
1231 970 1426 997 Mccccm.
1453 966 1496 996 ut
1518 961 1628 996 codex
1655 961 1731 1007 ipse

531 1022 697 1067 praefert.

644 1119 933 1155 ANONYMUS
959 1117 1277 1154 HISTORICUS.
1330 1120 1413 1154 101.

337 1195 508 1229 REGINA
525 1194 663 1229 Scotiae
681 1194 800 1229 Maria
821 1195 861 1229 in
881 1193 1017 1240 Anglia
1039 1193 1174 1234 functa,
1198 1204 1398 1239 anonymus
1422 1194 1568 1239 quidam
1592 1193 1730 1235 Scotus,

339 1251 383 1295 (is
393 1251 463 1287 fuit
476 1251 638 1286 Adamus
650 1251 919 1297 Blacvodaeus,)
934 1251 1077 1295 pietatis
1089 1262 1129 1284 ac
1142 1251 1279 1295 patriae
1293 1262 1427 1291 amans,
1442 1250 1576 1285 Gallice
1590 1252 1733 1296 scripsit

486 1308 686 1343 Historiam
705 1313 740 1343 et
758 1308 979 1354 Martyrium
997 1308 1157 1354 Reginae
1176 1307 1325 1349 Scotiae,
1342 1308 1483 1343 Dotalis
1498 1308 1682 1350 Franciae,
1696 1314 1732 1343 et

534 1366 718 1410 proximae
749 1365 924 1400 Haeredis
951 1364 1117 1411 Angliae,
1143 1365 1205 1400 lib.
1234 1374 1260 1399 1.
1312 1369 1334 1385 “
1359 1365 1585 1400 Proditiones
1611 1366 1734 1401 Eliza-

534 1423 660 1457 bethae
686 1422 906 1469 Anglicanae
931 1423 970 1457 in
996 1434 1085 1463 eam,
1115 1434 1186 1468 quo
1213 1422 1315 1457 facile
1341 1428 1514 1467 apparent
1538 1424 1732 1464 mendacia,

536 1480 744 1520 calumniae,
770 1479 949 1525 falsaeque
973 1480 1213 1515 accusationes
1237 1480 1417 1515 innocenti
1443 1481 1595 1526 principi
1619 1481 1732 1527 objec-

538 1536 628 1570 tae.”
679 1536 779 1570 Haec
797 1537 899 1571 docte
915 1537 977 1579 ibi,
997 1542 1032 1571 et
1049 1537 1224 1583 religiose.
1275 1536 1336 1571 Ad
1352 1537 1449 1578 haec,

486 1593 596 1627 Liber
625 1593 667 1626 de
694 1593 813 1628 Morte
839 1594 1008 1639 ejusdem,
1035 1595 1238 1639 complexus
1264 1593 1469 1640 Anglorum
1495 1596 1732 1641 tyrannidem,

535 1651 671 1697 regiam
695 1662 779 1684 suae
805 1651 1003 1696 majestatis
1028 1651 1276 1692 constantiam,
1302 1652 1467 1692 virtutes,
1494 1653 1589 1687 vitae
1619 1658 1730 1695 actus,

534 1708 662 1741 ultima
693 1708 811 1748 verba,
847 1712 882 1742 et
916 1709 1155 1742 truculentam
1188 1708 1427 1752 proditionem
1461 1708 1731 1746 haereticorum.

536 1763 677 1798 Prodiit
694 1775 783 1809 opus
800 1775 894 1799 anno
914 1773 1160 1799 MDLXXXIX.

670 1861 958 1897 ANONYMUS
984 1862 1264 1898 POLITICUS.
1318 1867 1399 1900 102.

342 1937 520 1971 PATRUM
537 1940 740 1971 nostrorum
764 1937 937 1971 memoria
959 1948 1159 1983 anonymus
1182 1949 1226 1972 ex
1250 1939 1415 1974 omnibus
1438 1939 1732 1986 philosophorum

344 1994 483 2038 scriptis
500 1994 651 2040 collegit,
669 1994 860 2038 ediditque,

489 2050 745 2085 Educationem
765 2056 801 2085 et
819 2051 1088 2087 Institutionem
1105 2054 1225 2087 tenelli
1243 2053 1420 2099 Principis
1442 2055 1503 2090 lib.
1524 2065 1549 2089 1.

344 2107 446 2146 Quod
471 2120 558 2152 opus
585 2108 662 2142 MS.
689 2113 892 2143 asservatur
916 2109 955 2143 in
981 2110 1192 2145 bibliotheca
1217 2112 1311 2157 regis
1334 2111 1489 2158 Magnae
1507 2112 1730 2148 Britanniae.

348 2164 427 2204 Ubi,
453 2170 515 2200 aut
539 2166 680 2210 quando
705 2166 889 2211 seriptum,
915 2178 960 2201 ex
985 2167 1101 2201 codice
1127 2169 1188 2202 illo
1211 2179 1283 2202 non
1306 2168 1408 2203 facile
1425 2170 1620 2215 percipies;
1649 2171 1734 2216 quia

347 2225 464 2255 tamen
478 2221 609 2256 Gallice
622 2223 758 2263 maluit,
776 2234 885 2268 quam
902 2223 1043 2265 Latine,
1061 2226 1221 2270 suspicor
1239 2226 1343 2260 alicui
1363 2227 1442 2262 viro
1459 2228 1612 2273 principi
1631 2227 1734 2263 Gallo

347 2283 523 2312 auctorem
541 2280 683 2321 dicasse,
704 2292 725 2315 a
741 2292 813 2315 non
830 2282 917 2316 adeo
934 2283 1041 2328 longo
1058 2287 1227 2327 tempore,
1242 2284 1343 2330 cujus
1359 2285 1435 2329 ipse
1449 2285 1618 2320 educator
1631 2290 1733 2325 esset,

347 2340 388 2368 ut
417 2340 501 2370 sunt
530 2336 567 2369 in
598 2336 722 2372 Galliis
753 2338 848 2372 illius
878 2338 1015 2373 farinae
1044 2340 1214 2385 plerique.
1266 2341 1527 2377 Animadverto
1557 2343 1658 2376 illum
1690 2344 1734 2376 ad

348 2390 559 2430 Quintiliani
577 2398 611 2428 et
630 2393 773 2429 Marulli
795 2395 1054 2432 Tarchaniotae
1071 2402 1257 2443 praecepta
1275 2399 1470 2444 principem
1494 2410 1601 2435 suum
1625 2398 1735 2434 infor-

347 2459 453 2483 mare.
