2032 2912
691 344 867 377 GENTIS
892 344 1170 382 SCOTORUM,
1196 346 1284 379 LIB.
1307 346 1365 378 IV.
1657 349 1719 379 935

320 443 409 479 ctus,
425 440 485 473 sed
504 439 603 483 prius
617 437 845 473 Aberdoniae
859 440 1048 484 professor.
1092 441 1243 486 Scripsit
1257 442 1460 488 diligenter,
1479 446 1515 476 et
1529 441 1714 482 laboriose,

471 496 669 530 Historiam
689 496 866 540 Equitum
887 496 1297 544 Hierosolymitanorum
1448 500 1510 534 lib.
1531 509 1573 534 11.

331 580 335 584 .
370 554 511 588 Claruit
529 564 623 587 anno
643 562 781 587 MDXX.

593 667 914 703 GUILIELMUS
940 669 1297 707 DEMPSTERUS.
1352 673 1436 707 426.

317 785 586 819 GUILIELMUS
630 785 865 830 Dempsterus
908 790 991 821 ante
1035 795 1119 821 ecc.
1164 799 1275 822 annos
1319 788 1485 823 Lutetiae
1528 791 1715 834 profiteba-

317 848 388 877 tur.
459 842 552 877 Erat
587 848 708 877 autem
743 855 787 877 ex
821 843 958 878 familia
992 843 1215 885 Curestonia,
1251 846 1354 892 cujus
1390 847 1564 881 claritudo
1607 849 1714 882 altius

317 906 370 934 est
389 902 580 945 repetenda
602 912 645 934 ex
667 901 854 935 annalibus
879 901 1038 942 Scoticis,
1065 906 1101 936 et
1126 908 1269 937 nostrae
1288 903 1444 938 familiae
1462 905 1562 939 actis.
1612 905 1715 940 Circa

317 969 450 992 annum
488 967 609 993 MLXI.
647 959 859 993 Malcolmus
895 959 1065 993 Canmoir
1099 959 1168 993 III.
1204 972 1268 994 rex
1302 960 1415 995 filium
1451 964 1599 997 sustulit
1633 974 1713 1008 pro-

316 1016 451 1050 miscuo
478 1022 556 1050 toro
589 1016 760 1051 Alanum.
822 1017 859 1051 Is
886 1017 1115 1051 rebellantem
1141 1017 1394 1064 Loguhabriae
1423 1020 1586 1061 thanum,
1614 1034 1635 1055 a
1660 1033 1713 1055 re-

315 1086 359 1120 ge
377 1075 519 1115 missus,
544 1075 617 1108 acie
636 1075 783 1115 victum,
808 1086 853 1109 ne
879 1076 1031 1121 majores
1058 1080 1176 1110 motus
1204 1077 1395 1118 orirentur,
1423 1079 1538 1122 capite
1564 1080 1714 1113 mulcta-

315 1132 379 1172 vit,
410 1133 534 1166 erectis
561 1133 753 1177 trophaeis,
784 1133 990 1179 ingentibus
1020 1133 1127 1173 saxis,
1158 1144 1248 1178 quae
1280 1135 1477 1169 etiamnum
1507 1137 1612 1170 hodie
1642 1148 1713 1170 non

314 1191 418 1236 longe
436 1190 614 1224 Brechino
633 1191 811 1225 visuntur.
864 1190 944 1225 Rex
961 1190 1120 1225 Alanum
1133 1191 1298 1237 justitiae
1318 1204 1400 1227 ense
1422 1194 1581 1234 donavit,
1610 1206 1649 1228 ac
1668 1206 1711 1228 ne

314 1249 388 1281 ulla
418 1252 494 1282 toto
525 1248 563 1281 in
593 1260 703 1293 regno
735 1249 778 1282 de
808 1249 923 1293 capite
954 1249 1132 1283 sententia
1164 1249 1240 1283 sine
1270 1250 1384 1294 ipsius
1416 1256 1478 1285 aut
1509 1252 1710 1296 praesentia

313 1310 378 1339 aut
404 1306 626 1351 delegatione
649 1306 812 1346 ferretur,
840 1307 954 1340 edicto
980 1306 1093 1347 <savin
1121 1318 1272 1352 eumque
1291 1307 1533 1348 Domstemm,
1559 1309 1625 1343 hoc
1648 1316 1712 1349 est,

312 1363 488 1404 Judicem,
522 1375 563 1397 ea
591 1364 634 1397 de
660 1375 766 1397 causa
792 1364 982 1407 posteritas
1009 1364 1173 1405 vocavit3
1201 1363 1322 1399 Dome
1348 1367 1442 1399 enim
1471 1367 1632 1410 capitalis
1661 1372 1714 1400 est

312 1421 499 1461 sententia,
535 1433 626 1466 quae
659 1422 725 1455 hae
764 1421 919 1455 formula
954 1421 1158 1455 ferebatur:
1195 1423 1349 1466 lapidem
1392 1424 1486 1457 tollit
1526 1425 1714 1470 magistra-

311 1484 381 1517 tus,
409 1479 662 1524 signatumque
686 1480 873 1524 quaerenti
899 1479 1022 1519 tradit,
1048 1479 1110 1513 illo
1137 1480 1382 1513 adversarium
1409 1485 1444 1514 et
1470 1485 1577 1515 testes
1605 1482 1713 1521 citat,

311 1537 341 1570 si
364 1537 450 1581 quid
475 1537 694 1583 ambiguum,
722 1542 758 1571 et
782 1537 927 1582 majoris
951 1537 1134 1576 momenti,
1160 1537 1205 1570 ad
1224 1545 1300 1570 XII.
1326 1549 1415 1582 quos
1441 1538 1569 1573 Claves
1595 1541 1714 1584 appel-

310 1595 398 1641 lant,
424 1594 589 1635 refertur,
611 1600 718 1640 atque
742 1596 794 1629 ita
817 1595 894 1628 sine
920 1595 1063 1638 scriptis
1090 1602 1153 1629 aut
1179 1596 1350 1640 impensis
1377 1597 1457 1630 lites
1484 1597 1605 1631 dirimi
1632 1598 1714 1631 soli—

311 1658 378 1686 tae.
445 1652 504 1686 Ex
536 1652 677 1687 Davide
707 1654 836 1698 longus
868 1653 954 1686 ordo
985 1664 1090 1698 agros
1125 1653 1221 1687 inter
1253 1653 1365 1687 Escas
1392 1665 1513 1688 omnes
1540 1655 1707 1698 possedit,

310 1721 399 1754 quos
417 1710 522 1743 hodie
548 1710 756 1744 Crafordiae
784 1710 944 1743 Lindesii
964 1721 985 1743 a
1002 1711 1199 1756 majoribus
1226 1712 1357 1745 nostris
1385 1717 1524 1756 emptos
1551 1712 1705 1752 habent3

310 1773 345 1801 et
371 1768 591 1812 Dempsteri,
622 1779 687 1812 per
711 1772 825 1802 totam
860 1779 897 1801 se
928 1767 1083 1801 Scotiam
1114 1768 1365 1809 diffundentes,
1398 1770 1515 1803 varias
1546 1780 1642 1804 arces
1672 1782 1711 1803 ac

310 1826 435 1860 titulos
462 1826 717 1860 obtinuerunt:
748 1826 786 1859 in
815 1825 1029 1859 Hiberniam
1056 1826 1175 1866 etiam,
1213 1831 1248 1860 et
1279 1825 1463 1872 Angliam,
1491 1827 1710 1873 Monamque

311 1885 465 1918 insulam
505 1885 734 1930 trajicientes,
783 1884 1003 1918 domicilium
1047 1895 1087 1917 ac
1130 1885 1249 1918 sedem
1291 1883 1519 1919 fortunarum
1561 1897 1707 1919 suarum

310 1941 476 1976 fixerunt.
531 1942 627 1976 Guil.
669 1942 873 1976 Camdenus
913 1942 949 1974 in
994 1940 1125 1975 Monae
1167 1941 1310 1975 Insulae
1354 1943 1590 1986 descriptione
1625 1954 1707 1989 pag.

308 2008 490 2034 DCCXXV.
545 2000 620 2034 Cur
655 2005 774 2033 autem
809 1999 1013 2043 Dempsteri
1049 1999 1094 2033 ab
1127 1999 1304 2045 Angusia‚
1340 2000 1401 2033 ubi
1437 2001 1553 2044 prima
1596 2002 1707 2035 veluti

309 2058 524 2092 incunabula
551 2069 670 2093 rerum
701 2068 846 2091 suarum
874 2056 1017 2091 fuerant
1044 2057 1173 2097 sortiti,
1201 2058 1270 2091 alio
1296 2058 1515 2097 transierint,
1543 2058 1628 2092 haec
1654 2070 1708 2093 ra-

309 2116 360 2149 tio
384 2120 459 2149 est:
487 2118 616 2161 puella,
640 2126 853 2161 magnarum
873 2126 980 2159 opum
999 2115 1122 2149 haeres
1140 2114 1401 2149 Achterlessiae
1420 2115 1562 2150 baronis
1581 2116 1704 2156 Sibeti,

309 2174 416 2207 unica
445 2174 597 2207 Joannis
627 2173 831 2217 Dempsteri
868 2173 1080 2206 fortitudine
1110 2184 1131 2206 a
1157 2177 1322 2217 tyranno,
1349 2173 1411 2217 qui
1438 2185 1515 2207 eam
1542 2185 1605 2218 per
1632 2174 1706 2207 vim

309 2231 505 2271 detinebat,
523 2231 684 2270 liberata,
711 2230 822 2263 eidem
849 2231 1016 2264 assertori
1042 2241 1107 2264 suo
1134 2230 1313 2274 denupsit,
1341 2232 1403 2275 qui
1429 2236 1609 2276 raptorem
1636 2232 1708 2265 vir-

308 2289 402 2334 ginis
431 2289 548 2323 duello
579 2287 769 2327 interfecit,
797 2293 832 2322 et
855 2288 1034 2333 gentilitio
1058 2288 1354 2332 Dempsterorum
1380 2290 1474 2323 leoni
1501 2300 1620 2323 ensem
1647 2290 1708 2323 ad-

309 2348 412 2385 didit,
431 2347 587 2380 familiae
613 2351 797 2392 gestamen
824 2346 987 2389 deinceps
1014 2345 1189 2386 futurum,
1218 2346 1320 2391 cujus
1347 2347 1417 2387 ille,
1445 2347 1557 2381 veluti
1585 2359 1707 2381 secun-

307 2406 373 2438 dus
402 2405 574 2444 conditor,
602 2404 947 2437 administrationem
974 2403 1180 2437 Buchaniae
1210 2408 1246 2437 et
1274 2403 1420 2438 Banfiae
1451 2416 1591 2439 summo
1619 2406 1706 2439 titu-

306 2463 340 2497 lo
369 2464 405 2497 in
433 2463 577 2496 domum
604 2473 706 2496 suam
734 2462 868 2501 intulit,
895 2472 1003 2505 quam
1035 2466 1070 2497 et
1102 2473 1191 2496 avus
1223 2472 1322 2496 meus
1353 2461 1510 2497 Joannes
1541 2468 1576 2496 et
1605 2468 1706 2507 pater
