2032 2912
350 310 413 341 6λ88
730 306 966 340 HISTORIA
990 306 1367 340 ECCLESIASTICA

498 403 569 437 Pro
587 402 808 437 Monasterio
825 413 891 436 suo
1096 402 1159 437 lib.
1179 412 1206 437 Ι.
1225 403 1283 438 cui
1300 402 1491 450 privilegia
1508 406 1545 437 et
1561 402 1746 438 confirma-

551 461 683 495 tionem
701 471 723 493 a
741 459 935 494 Benedicto
953 458 1039 495 VII.
1058 460 1281 505 impetravit.

400 519 592 564 Depositus
619 522 672 552 est
697 529 791 552 anno
816 525 1055 553 DCCCXXCII.
1081 519 1139 553 vel
1165 524 1308 554 centum
1336 519 1440 555 annis
1467 519 1592 560 serius,
1620 524 1662 554 ut
1688 520 1748 554 alii

350 577 519 612 scribunt.
573 576 714 611 Colitur
734 584 837 609 XXX.
857 573 1008 620 Aprilis.

747 691 783 726 S.
811 690 1208 728 FRITHWALDUS.
1262 695 1347 729 524.

347 811 381 843 S.
403 809 714 843 FRITHWALDUS
733 807 871 848 Scotus,
889 808 1074 853 episcopus
1094 808 1275 844 Candidae
1299 809 1422 851 Casae,
1448 820 1539 855 quae
1563 814 1598 844 et
1622 810 1658 844 S.
1682 810 1747 844 Ni-

344 868 455 908 niani,
474 878 535 901 seu
555 866 590 901 S.
610 866 753 908 Nimae,
774 870 808 900 et
827 877 848 900 a
866 866 1073 900 Ptolomaeo
1100 865 1312 903 Λευκοπιδείω
1338 868 1442 902 dicta.
1492 866 1598 902 Vixit
1625 872 1745 902 autem

346 924 470 960 florido
498 926 560 959 illo
590 929 626 959 et
651 928 856 959 sanctorum
885 924 1001 958 feraee
1030 926 1158 966 seculo,
1190 931 1334 961 centum
1364 926 1497 960 scilicet
1528 925 1632 960 annis
1661 931 1744 960 ante

344 983 522 1018 excidium
547 982 743 1023 Pictorum,
769 982 813 1016 de
837 993 908 1027 quo
933 982 1081 1017 delendo
1105 985 1222 1018 multa
1245 984 1474 1025 vaticinatus,
1503 994 1594 1029 quae
1620 987 1743 1028 postea

343 1046 550 1076 evenerunt.
595 1040 749 1086 Reperio
766 1052 848 1075 eum
867 1040 912 1075 ab
929 1039 1080 1075 Ethfino
1098 1053 1182 1088 rege
1196 1043 1240 1077 ad
1258 1042 1376 1077 Pictos
1392 1046 1570 1077 oratorem
1584 1042 1746 1083 missum,

342 1100 404 1144 qui
421 1111 504 1134 rara
521 1111 563 1134 ea
581 1103 696 1133 aetate
714 1098 892 1139 facundia,
912 1103 947 1133 et
964 1100 1079 1145 gratis
1103 1100 1148 1134 ad
1172 1100 1292 1136 Deum
1316 1100 1494 1145 precibus,
1521 1099 1746 1146 ferventique

337 1159 488 1204 jejunio,
509 1161 545 1193 et
562 1158 684 1192 crebra
702 1158 859 1203 corporis
878 1158 1127 1200 maceratione,
1148 1159 1281 1194 bellum
1296 1163 1410 1200 atrox,
1427 1159 1525 1204 quod
1538 1158 1744 1204 parabatur,

341 1217 492 1252 distulit.
545 1215 696 1261 Scripsit

489 1275 549 1310 Ad
568 1275 726 1315 Unnust,
745 1275 930 1310 Pictorum
949 1275 1096 1322 Regem,
1177 1276 1238 1311 lib.
1259 1285 1285 1310 1.
1322 1275 1431 1311 Hunc
1444 1287 1466 1311 a
1478 1275 1611 1311 nostris
1626 1272 1743 1310 Hun-

539 1345 632 1380 gum
649 1333 719 1368 dici
738 1334 916 1367 existimo.

490 1391 633 1426 Laudes
650 1390 814 1437 Virginis
832 1391 1010 1436 Deiparae
1177 1391 1238 1426 lib.
1260 1401 1285 1426 1.

389 1450 585 1495 Depositus
604 1453 658 1484 est
675 1460 769 1483 anno
788 1458 985 1483 DCCLXIV.
1031 1448 1193 1485 Tabulae
1212 1449 1507 1491 Gallovidienses,
1526 1453 1562 1485 et
1581 1448 1744 1484 Hovede-

341 1521 409 1544 nus
427 1519 509 1543 cum
528 1507 719 1542 Francisco
739 1507 928 1541 Godwino.

700 1622 970 1658 FENTRIAE
997 1622 1244 1659 DOMINUS.
1297 1626 1381 1659 525.

340 1743 527 1778 MARTYR
546 1741 727 1782 Graimus,
747 1740 917 1776 Fentriae
940 1740 1122 1786 toparcha,
1147 1752 1228 1775 cum
1247 1739 1499 1775 ardentissimo
1515 1741 1593 1775 zelo
1614 1741 1744 1776 Catho-

339 1802 442 1836 licam
463 1801 568 1835 fidem
587 1803 828 1847 promoveret,
848 1811 869 1833 a
886 1798 1066 1834 Sathanae
1083 1799 1260 1834 ministris
1279 1799 1549 1834 criminationes
1570 1799 1745 1841 subditae,

340 1859 471 1904 quibus
490 1860 548 1893 vir
565 1858 696 1893 nobilis
715 1862 751 1892 et
764 1858 945 1898 innocens,
963 1857 1070 1892 alieni
1084 1857 1244 1892 criminis
1258 1858 1500 1899 insimulatus,
1518 1869 1585 1904 pro
1598 1858 1745 1894 Christo

340 1918 494 1953 cervices
513 1918 621 1958 dedit,
641 1928 681 1951 ac
700 1918 815 1951 laetus
837 1916 876 1951 in
901 1917 1039 1951 coelum
1064 1916 1233 1957 evolavit,
1256 1916 1448 1963 glandibus
1472 1916 1648 1962 plumbeis
1672 1921 1744 1952 tra-

336 1977 465 2023 jectus,
485 1981 520 2010 et
538 1976 630 2010 mari
648 1976 841 2010 demersus.
894 1973 1077 2009 Gilbertus
1096 1974 1244 2009 Brunus
1263 1975 1302 2009 in
1321 1973 1506 2010 Analectis
1523 1986 1605 2021 pag.
1626 1984 1651 2009 1.

392 2035 428 2069 N
431 2047 469 2069 ec
503 2046 637 2071 annum
672 2046 736 2069 nec
771 2034 865 2069 diem
899 2034 1026 2079 reperi,
1070 2033 1132 2068 sed
1166 2033 1317 2080 conjicio
1351 2044 1446 2068 anno
1482 2042 1667 2068 MDXC111.
1708 2034 1745 2068 id

340 2093 486 2129 factum.

817 2208 1118 2246 FORBASSUS.
1172 2208 1256 2244 526.

343 2324 389 2358 Ν.
427 2324 667 2366 Fommssus,
703 2327 922 2362 vicecomitis
965 2326 1061 2372 apud
1096 2326 1322 2371 aquilonares
1366 2326 1404 2359 in
1439 2325 1627 2360 Buchania
1662 2326 1744 2361 Sco-

341 2388 396 2417 tos
438 2385 675 2427 potentissimi
719 2384 812 2419 filius
852 2397 892 2419 ac
933 2385 1068 2426 haeres,
1112 2385 1149 2420 in
1192 2384 1329 2419 haeresi
1365 2385 1547 2424 educatus,
1586 2395 1607 2417 a
1642 2389 1743 2428 patre

342 2442 496 2487 quodam
527 2440 775 2483 Franciscano,
806 2444 984 2478 medicum
1015 2444 1218 2484 simulante,
1249 2447 1284 2477 et
1314 2443 1360 2478 ad
1391 2447 1578 2489 aegrotum
1610 2441 1739 2477 admis-
