2032 2912
738 349 915 382 GENTIS
941 348 1219 387 SCOTORUM‚
1245 348 1334 380 LIB.
1361 349 1418 381 IV.
1714 351 1777 382 209

379 445 438 479 ti.‘'
484 444 581 477 Idem
597 442 620 476 J
622 455 753 477 oannes
769 443 974 477 Gualterius
988 444 1026 476 in
1041 443 1217 477 Chronico
1231 443 1502 477 Chronicorum.
1546 443 1773 479 Huntindon.

378 503 439 537 lib.
458 512 517 535 111.
533 513 613 547 pag.
630 510 738 535 CXCI.
759 507 780 521 “
792 501 956 541 Quatuor
970 501 1122 544 episcopi
1141 500 1327 535 Scotorum
1346 501 1476 541 Duina,
1496 500 1672 542 Aidanus,
1688 502 1774 536 Fin-

378 571 504 599 nanus,
530 559 758 599 Colmannus,
786 559 897 592 mirae
915 558 1114 592 sanctitatis
1132 558 1278 592 fuerunt
1295 563 1331 592 et
1348 560 1616 603 parsimoniae.''
1644 559 1770 595 Arnol.

378 617 499 651 Uvion
517 616 577 650 lib.
599 625 641 649 II.
661 615 743 661 Lig.
762 615 869 650 Vitae
886 627 961 659 cap.
981 624 1095 648 XLVI.
1130 614 1326 658 Apostolus
1341 616 1568 658 Merciorum,
1586 621 1622 651 et
1634 618 1773 662 primus

377 675 562 719 episcopus
575 672 845 707 Lichfeldensis.
883 672 1041 706 Florent.
1056 672 1197 718 Wigor.
1212 673 1405 707 monachus
1420 674 1464 707 ad
1477 685 1610 708 annum
1626 684 1771 711 DCLIII.

381 736 401 750 ‘⁶
421 732 585 765 Finnano
603 730 748 764 comites
768 739 821 764 Iv.
840 730 998 770 fuerunt,
1017 729 1131 770 Cetta,
1151 729 1268 769 Adda,
1287 730 1404 770 Betta‚
1423 739 1457 765 et
1472 731 1603 773 Duina,
1624 745 1712 777 quos
1729 745 1773 767 ex

377 788 496 822 Scotia
513 798 631 821 secum
651 788 872 828 adduxerat3
897 799 961 832 per
978 799 1036 821 eos
1055 787 1181 821 Mercii
1203 787 1308 822 fidem
1334 787 1469 822 Christi
1493 794 1527 823 et
1553 796 1772 825 sacramenta

376 845 644 889 perceperunt.'’
680 844 731 878 Et
749 846 793 878 ad
812 856 947 878 annum
966 853 1086 878 DCLV.
1107 849 1128 864 ‘⁶
1146 844 1221 878 Sub
1239 844 1362 878 Oswio
1379 845 1518 889 primus
1536 847 1574 880 in
1592 848 1775 890 provincia

378 902 595 936 Merciorum
622 907 658 936 et
684 902 994 936 Lindisfarnorum
1022 902 1154 942 Duina,
1186 903 1289 948 cujus
1321 913 1430 946 supra
1458 904 1695 944 meminimus,
1723 917 1772 939 se-

378 960 514 994 cundus
533 959 719 993 Cellachus
738 960 781 993 de
798 964 904 1005 gente
922 959 1142 994 Scotorum.'’
1181 960 1388 994 Matthaeus
1403 960 1658 996 Westmonast.
1678 973 1773 996 anno

378 1026 516 1052 DCLVI.
536 1022 557 1037 “
572 1017 735 1052 Primum
753 1017 880 1052 habuit
897 1018 1100 1062 episcopum
1118 1018 1156 1051 in
1174 1018 1359 1062 provincia
1378 1018 1607 1059 Merciorum,
1632 1024 1668 1053 et
1686 1019 1775 1054 Lin-

378 1075 630 1116 disfarnorum,
650 1080 686 1109 et
704 1076 1044 1109 mediterraneorum
1058 1075 1261 1122 Anglorum
1280 1076 1423 1109 nomine
1437 1075 1586 1110 Dinam:
1604 1076 1663 1110 hic
1676 1078 1771 1122 apud

378 1134 655 1167 mediterraneos
681 1132 820 1179 Anglos
845 1132 1033 1167 defunctus
1057 1145 1097 1167 ac
1120 1134 1280 1178 sepultus
1307 1137 1382 1174 est3
1411 1134 1586 1168 secundus
1613 1134 1773 1179 ejusdem

379 1191 582 1235 provinciae
606 1190 814 1225 Ceollachus
838 1191 920 1230 fuit,
945 1191 1007 1236 qui
1030 1191 1152 1225 relicto
1175 1191 1398 1235 episcopatus
1420 1190 1532 1225 officio
1554 1192 1598 1225 ad
1617 1191 1773 1226 Scotiam

378 1249 517 1282 rediit.''
550 1248 713 1283 Praefuit
731 1249 895 1283 ecclesiae
914 1259 998 1282 suae
1011 1253 1164 1289 tantum,
1179 1259 1219 1282 ac
1234 1247 1439 1294 Feppingae
1453 1249 1613 1282 excessit.
1645 1249 1772 1283 Franc.

379 1305 544 1341 Godwin.
563 1317 642 1352 pag.
661 1315 860 1340 CCCLXIII.
880 1317 924 1340 ex
942 1306 1042 1340 Beda
1058 1306 1119 1340 lib.
1140 1315 1200 1339 111.
1219 1316 1294 1349 cap.
1314 1314 1403 1338 xlx.
1456 1305 1548 1351 Ejus
1566 1310 1650 1340 sunt
1668 1316 1677 1340 ε

527 1363 671 1397 Laudes
689 1363 804 1397 Oswii
823 1363 935 1409 Regis
1324 1363 1386 1396 lib.
1406 1371 1431 1396 1.

528 1420 768 1454 Monitorium
785 1420 831 1454 ad
849 1420 1008 1454 Gentiles
1324 1420 1385 1453 lib.
1406 1429 1431 1453 1.

430 1477 599 1512 Florebat
617 1488 710 1511 anno
729 1486 875 1511 DCLIII.
894 1482 958 1512 aut
975 1478 1125 1512 circiter.
1177 1477 1264 1511 Dies
1282 1487 1380 1511 sacer
1397 1478 1428 1511 ei
1448 1486 1554 1511 XXII.
1573 1477 1678 1511 Febr.
1717 1476 1776 1511 In-

379 1537 499 1582 jurius
516 1536 619 1570 nobis
638 1534 845 1570 Parsonius.

851 1651 887 1685 S.
916 1650 1176 1685 DAGAMUS.
1230 1652 1313 1684 382.

380 1768 415 1802 S.
446 1768 656 1801 DAGAMUS
689 1766 746 1800 vel
771 1765 956 1811 Daganus,
984 1765 1137 1808 epistota
1163 1763 1225 1797 SS.
1252 1762 1361 1802 Justi,
1393 1762 1591 1803 Laurentii,
1623 1768 1658 1797 et
1684 1763 1772 1797 Mel-

379 1826 446 1866 liti‚
482 1826 577 1870 apud
613 1824 812 1858 Henricum
847 1822 1184 1856 Huntindonensem
1226 1820 1287 1854 lib.
1326 1829 1385 1854 111.
1430 1831 1513 1866 pag.
1550 1829 1770 1854 chxxvn.

380 1883 587 1928 Episcopali
622 1882 797 1927 dignitate
835 1891 966 1926 magna
1008 1879 1218 1913 claritudine
1253 1883 1288 1912 et
1322 1878 1533 1912 auctoritate
1567 1879 1658 1912 ritus
1694 1878 1774 1912 Bri-

379 1946 505 1975 tonum
537 1944 661 1974 contra
687 1938 826 1984 Anglos
857 1937 1041 1977 sustinuit,
1072 1937 1182 1970 donec
1211 1935 1419 1981 Augustino
1451 1940 1486 1969 et
1516 1935 1654 1970 Mellito
1685 1948 1706 1970 a
1735 1936 1771 1970 S.

380 1999 460 2032 sede
486 1997 679 2042 apostolica
706 1996 824 2029 missis
856 1995 972 2035 cessit,
1005 2005 1044 2028 ac
1074 1999 1153 2028 tum
1182 1995 1305 2028 relicta
1334 1994 1445 2027 veteri
1471 1993 1668 2027 celebrandi
1693 2005 1773 2038 pas-

380 2056 493 2089 chatis
523 2054 788 2093 consuetudine,
820 2064 928 2097 quam
958 2052 1135 2086 mordicus
1163 2056 1268 2085 antea
1297 2050 1512 2090 defenderat,
1540 2062 1674 2084 morem
1700 2050 1773 2086 Ro-

381 2124 527 2146 manum
545 2113 700 2146 admisit.
737 2111 838 2145 Beda
863 2111 923 2145 lib.
953 2119 995 2143 11.
1024 2109 1121 2143 Hist.
1149 2108 1354 2143 Ecclesiast.
1383 2107 1487 2142 Gent.
1515 2107 1666 2153 Anglor.
1695 2120 1770 2154 cap.

382 2180 434 2205 IV.
487 2170 560 2204 Ubi
585 2170 652 2203 loci
678 2170 874 2214 episcopus,
901 2173 964 2202 aut
990 2167 1091 2213 cujus
1118 2167 1292 2207 ecclesiae,
1321 2166 1429 2206 Beda,
1462 2166 1524 2211 qui
1550 2167 1646 2200 solus
1676 2168 1771 2211 quod

379 2229 489 2262 sciam
518 2228 594 2273 ejus
623 2227 796 2267 meminit,
825 2237 897 2260 non
922 2225 1106 2269 expressit,
1133 2225 1187 2258 uti
1213 2235 1276 2258 nec
1301 2223 1405 2258 Joan.
1432 2223 1600 2258 Leslaeus
1626 2224 1686 2259 lib.
1715 2234 1770 2259 IV.

381 2297 462 2332 pag.
483 2294 598 2319 CLIII.
651 2284 801 2328 Scripsit

530 2342 591 2376 Ad
610 2342 844 2376 Britanorum
862 2340 1061 2375 Ecclesiam
1370 2339 1432 2373 lib.
1452 2348 1478 2374 Ι.

429 2400 556 2434 Clarus
574 2400 771 2434 habebatur
789 2410 882 2434 anno
900 2399 1005 2433 salut.
1026 2406 1119 2431 DLv.
1139 2398 1196 2432 vel
1212 2401 1254 2432 ut
1271 2397 1390 2432 verius
1404 2397 1465 2431 alii
1479 2407 1573 2432 anno
1586 2405 1699 2432 DeIx.
1714 2398 1770 2431 die

382 2467 488 2493 XXII.
509 2457 646 2492 Martii.
