2032 2912
343 287 405 317 1:36
725 285 956 317 HISTORIA
981 283 1353 316 ECCLESIASTICA

347 380 501 425 insignia
518 383 748 413 monumenta
765 383 800 413 et
818 379 988 423 reliquiae
1006 378 1043 412 in
1067 378 1211 412 ecclesia
1232 377 1464 411 Dunelmensi
1488 377 1732 411 asservabant-

345 449 398 476 ur,
428 449 497 481 quo
526 448 568 470 ex
595 438 713 470 insula
736 436 1022 470 Lindisfarorum
1049 446 1189 470 sacrum
1213 435 1326 480 ipsius
1348 445 1475 479 corpus
1505 435 1730 468 translatum.

345 494 435 528 Acta
453 495 549 528 illius
568 495 741 528 ecclesiae.
796 493 946 538 Scripsit

491 551 769 585 Exhortationes
787 551 832 584 ad
850 550 995 584 Fratres
1230 550 1290 583 lib.
1311 558 1335 582 1.

488 608 663 654 Regulam
682 608 918 642 Monasticam
1227 607 1288 641 lib.
1310 616 1334 641 1.
1365 605 1416 641 Et
1447 607 1517 641 alia
1544 618 1635 652 quae
1667 618 1733 652 ego

538 675 609 697 non
627 664 712 703 vidi,
732 675 806 703 nec,
825 669 866 697 ut
883 668 982 707 puto,
998 669 1133 704 extant,
1152 664 1278 698 recitat
1297 669 1418 698 tamen
1436 663 1600 698 Balaeus.

392 720 559 755 Florebat
577 732 670 754 anno
688 730 895 755 Dchxnl.
948 721 1075 755 Sedere
1098 722 1212 765 coepit
1238 720 1489 755 Lindisfarnae
1507 728 1730 756 consecratus

341 778 488 812 antistes
507 789 600 811 anno
619 787 837 812 Dehxxxv.
888 778 989 812 Obiit
1006 789 1100 812 anno
1119 786 1388 812 DCLXXXVIII.
1416 779 1484 818 vel,
1510 783 1552 812 ut
1570 778 1731 825 Sigeber-

341 840 399 869 tus
418 835 680 869 Gemblacensis
699 837 788 876 vult,
807 847 900 869 anno
918 843 1169 869 DCLXXXVII.
1217 834 1365 868 Sacrum
1379 835 1457 880 ejus
1476 846 1614 879 corpus,
1633 841 1732 870 metu

339 892 548 936 piratarum,
577 904 621 927 ex
649 893 767 927 insula
793 893 853 926 illa
884 893 940 926 cui
969 891 1124 936 praefuit
1148 891 1327 925 Eadulfus
1353 892 1538 936 episcopus
1573 893 1730 932 sustulit,

340 955 375 983 et
393 950 576 994 septennio
594 954 669 984 toto
687 955 850 996 vagatus,
864 949 1033 983 Dunelmi
1048 949 1191 983 tandem
1206 949 1370 994 deposuit
1384 960 1478 983 anno
1495 957 1728 984 DCCCLXXV.

341 1006 472 1041 Matth.
492 1006 748 1041 WVestmonast.
767 1007 812 1041 ad
829 1007 930 1041 illum
950 1017 1095 1040 annum.

765 1105 801 1140 S.
828 1103 1160 1140 CEOLFRIDUS.
1213 1107 1296 1140 235.

338 1180 374 1214 S.
402 1181 678 1221 CEOLFRmus,
703 1181 835 1215 illustri
859 1182 935 1215 loco
959 1184 1076 1219 natus,
1104 1178 1364 1214 Glastoniensis
1390 1180 1429 1214 in
1454 1179 1591 1226 Anglia
1608 1181 1729 1220 abbas,

338 1249 381 1272 ex
413 1250 535 1273 eorum
564 1250 712 1273 numero
740 1238 802 1283 qui
832 1238 980 1272 Sanctos
1009 1236 1179 1270 Adanum
1204 1242 1239 1271 et
1263 1236 1470 1272 Finnanum
1493 1239 1530 1272 in
1556 1237 1729 1284 Angliam

338 1296 460 1336 secuti,
478 1301 659 1330 strenuam
678 1307 832 1340 operam,
854 1294 1095 1329 Christianam
1115 1295 1286 1339 pietatem
1304 1299 1346 1329 ut
1364 1295 1413 1329 ibi
1431 1296 1648 1340 plantarent,
1668 1307 1729 1330 na-

339 1357 480 1393 varunt,
508 1353 650 1399 regibus
677 1353 791 1388 Scotis
818 1352 1004 1386 Malduino
1031 1356 1066 1385 et
1089 1350 1255 1397 Eugenio
1273 1351 1320 1386 V.
1345 1352 1545 1393 familiaris,
1571 1353 1729 1400 Eugenii

338 1410 446 1444 etiam
482 1416 699 1455 praeceptor.
752 1410 972 1456 Reginaldus
999 1409 1198 1443 cardinalis.
1252 1409 1344 1444 Cum
1374 1409 1519 1444 Nerano
1543 1410 1728 1445 Pictorum

338 1478 420 1513 rege
446 1467 639 1501 amicitiam
667 1468 787 1507 coluit,
820 1472 855 1501 et
885 1467 1067 1500 consultus
1098 1466 1143 1500 ab
1171 1467 1292 1501 eodem
1319 1468 1434 1501 multa
1460 1467 1564 1501 utilia
1589 1468 1627 1501 in
1652 1469 1729 1514 ejus

338 1525 491 1570 gratiam
510 1525 548 1558 in
567 1525 698 1569 scripta
715 1525 849 1565 retulit,
869 1529 911 1558 ut
928 1528 1098 1558 testatum
1117 1523 1268 1557 Arnold.
1287 1523 1410 1558 Uvion
1426 1525 1582 1569 reliquit.
1619 1525 1729 1560 Tanti

338 1587 456 1615 autem
483 1582 653 1616 momenti
679 1582 764 1616 haec
789 1581 887 1615 fuere
913 1592 1029 1626 opera,
1056 1586 1097 1615 ut
1122 1580 1268 1626 Sergius
1300 1593 1391 1626 papa
1419 1592 1460 1615 ea
1484 1582 1550 1616 sibi
1575 1583 1730 1617 Romam

337 1639 432 1672 mitti
450 1650 471 1672 a
490 1638 523 1672 S.
544 1638 643 1672 Beda
659 1639 907 1683 postulaverit,
924 1643 966 1672 ut
983 1639 1058 1682 ipse
1076 1638 1196 1682 prodit
1213 1639 1280 1672 sub
1302 1650 1436 1672 annum
1462 1648 1615 1673 DCCVH.
1672 1640 1731 1674 Vi-

338 1701 410 1729 tam
428 1697 506 1742 ejus
532 1697 674 1740 scripsit
695 1695 926 1730 Wichbertus
952 1694 1082 1729 Deirus
1109 1695 1155 1729 ad
1179 1694 1394 1741 Gregorium
1419 1695 1468 1729 ΙΙ.
1512 1695 1663 1732 Relatus
1690 1698 1728 1731 in

337 1758 476 1787 sanctos
494 1753 624 1787 colitur
641 1754 698 1787 die
717 1761 817 1787 XXV.
843 1752 1040 1798 Septembr.
1075 1751 1232 1786 Usuard.
1257 1751 1444 1787 Addition.
1483 1752 1575 1799 Ejus
1600 1754 1730 1789 haben·

338 1815 417 1844 tur:

485 1868 669 1913 Epistulae
693 1870 738 1903 ad
762 1868 947 1903 Neranum
968 1879 1031 1902 seu
1054 1867 1264 1908 Naitanum‚
1290 1875 1354 1903 aut
1377 1868 1592 1910 Neetanum,
1612 1869 1730 1904 Picto·

532 1937 611 1960 rum
628 1926 775 1972 Regem,
1371 1926 1432 1961 lib.
1454 1936 1478 1960 1.
1505 1938 1568 1961 seu
1585 1925 1730 1972 Episto-

584 1984 629 2023 la,
648 1990 691 2017 ut
708 1983 860 2018 habetur
876 1984 972 2028 apud
989 1983 1126 2018 Bedam
1152 1982 1212 2018 lib.
1232 1991 1268 2016 v.
1288 1994 1362 2028 cap.
1383 1992 1490 2017 xxn,

483 2040 537 2074 De
557 2041 801 2075 Celebratione
818 2041 975 2075 Paschae
1132 2058 1134 2060 r
1373 2041 1435 2075 lib.
1457 2050 1481 2074 1.

485 2097 540 2131 De
558 2098 725 2132 Tonsura
742 2098 960 2133 Clericorum
1376 2098 1437 2132 lib.
1459 2107 1482 2132 Ι,

486 2154 726 2190 Homiliarum
744 2156 957 2190 solemnium
1375 2157 1436 2190 lib.
1458 2166 1481 2190 1.

485 2211 756 2247 Testamentum
774 2214 819 2247 ad
838 2212 1080 2248 Humbertum
1374 2214 1435 2248 lib.
1456 2223 1480 2248 1.

486 2267 669 2312 Epistolae
688 2271 731 2304 ad
750 2270 945 2305 Monachos
1375 2272 1436 2306 lib.
1458 2281 1481 2306 1.

486 2325 539 2359 De
558 2325 771 2370 baptizando
789 2328 983 2362 secundum
1004 2327 1131 2362 Ritum
1152 2328 1357 2364 Romanum
1376 2330 1436 2364 lib.
1458 2339 1482 2364 1.

387 2382 568 2416 Scribebat
599 2394 691 2418 anno
710 2393 879 2419 Dexe1x.
908 2385 1008 2420 Obiit
1036 2386 1072 2419 in
1099 2386 1226 2420 itinere
1253 2386 1418 2422 Romano
1444 2386 1667 2433 Lingonibus
1693 2388 1730 2421 in
