2032 2912
338 305 403 337 246
724 301 957 334 HISTORIA
982 300 1359 333 ECCLESIASTICA

338 402 418 435 nius
437 399 679 443 Maurolycus‚
706 396 828 431 Felici.
856 401 892 431 et
912 395 1097 430 Arnoldus
1124 396 1247 430 Uvion
1272 396 1395 430 eodem
1422 395 1488 429 die.
1542 395 1673 430 Petrus
1700 396 1738 430 in

338 459 509 503 Catalogo
536 456 596 489 lib.
626 465 652 489 1.
679 467 754 500 cap.
784 464 888 488 XVII.
943 454 1115 489 Claudius
1142 455 1185 488 de
1216 453 1313 488 Rota
1342 453 1380 488 in
1407 453 1633 500 Legendario
1659 465 1735 498 cap.

338 525 428 550 CCX.
482 514 611 547 Petrus
638 513 818 557 Cratepol.
844 513 881 546 in
908 512 1077 558 Episcop.
1103 513 1272 548 German.
1326 513 1485 547 Meierus
1514 513 1576 547 lib.
1606 522 1631 546 I.
1664 513 1740 546 An-

335 574 405 607 nal.
426 571 627 605 Flandriae.
661 570 808 605 Aimon.
827 571 888 605 lib.
909 580 963 605 lv.
983 570 1082 606 Gest.
1102 571 1272 606 Francor.
1296 583 1372 616 cap.
1389 580 1475 605 XLI.
1511 571 1648 605 Anton.
1669 570 1739 605 De-

337 631 451 664 moch.
467 634 552 663 tom.
574 639 615 663 11.
631 629 756 663 Sacrif.
773 629 875 663 Miss.
891 641 966 674 cap.
982 638 1052 664 xv.
1092 629 1258 665 Vincent.
1279 629 1430 675 Speculo
1443 630 1504 664 lib.
1521 639 1646 664 XXIII.
1661 640 1736 673 cap.

335 696 496 722 LXXXV.
528 691 564 721 et
594 688 710 721 tribus
740 688 982 732 sequentibus.
1036 688 1224 733 Reliquiae
1255 688 1333 734 ejus
1364 687 1499 733 Brugis
1535 694 1737 722 servantur.

333 746 356 779 J
359 758 438 781 oan.
458 746 627 780 Molanus
646 746 691 779 ad
709 745 865 779 Usuard.
919 745 1042 780 Vitam
1062 746 1139 791 ejus
1158 746 1302 790 scripsit
1328 745 1364 779 S.
1383 745 1582 780 Audoenus
1601 745 1739 780 Rotho-

332 804 511 850 magensis
530 804 715 848 episcopus
740 803 801 837 lib.
822 812 864 837 11.
892 814 981 848 quos
1008 803 1125 838 adfert
1151 803 1279 837 Surius
1305 807 1393 837 tom.
1412 811 1467 837 VI.
1495 808 1530 837 et
1553 803 1739 838 abbrevia-

332 863 386 896 vit
413 862 468 895 vir
494 862 576 906 pius
602 872 804 906 anonymus
830 861 909 895 MS.
937 862 975 894 in
1001 862 1146 895 ecclesia
1172 861 1408 895 Noviomensi
1435 866 1665 901 asservatus;
1694 871 1738 894 ex

331 932 413 965 quo,
432 924 468 954 et
485 931 529 953 ex
553 918 738 953 breviariis
762 919 922 959 Scoticis,
947 919 1061 963 liquet
1084 919 1230 953 Scotum
1256 918 1379 952 fuisse.
1432 918 1531 952 Ante
1557 919 1737 963 episcopa-

331 985 410 1014 tum
429 978 500 1012 fuit
524 978 632 1012 abbas
659 977 883 1011 Solemniaci.
937 976 1110 1023 Sigebert.
1132 977 1265 1011 Chron.
1285 977 1329 1010 ad
1348 987 1483 1010 annum
1511 984 1735 1010 DCXXXVII.

332 1037 483 1083 Notger.
517 1037 555 1069 in
581 1035 668 1069 Vita
698 1035 733 1069 S.
767 1035 927 1069 Remacli
954 1035 1050 1079 apud
1078 1034 1225 1069 Surium
1254 1039 1340 1068 tom.
1371 1043 1408 1068 V.
1461 1034 1599 1069 Putant
1625 1034 1737 1079 aliqui

329 1094 550 1129 aurifabrum
570 1104 652 1127 eum
670 1092 805 1134 fuisse3
838 1104 948 1138 quare
970 1093 1009 1127 in
1031 1094 1145 1127 tutela
1163 1093 1242 1139 ejus
1261 1097 1452 1127 censentur
1469 1092 1561 1127 fabri
1581 1092 1734 1127 ferrarii.

329 1153 404 1187 Scri
433 1152 479 1186 sit

407 1164 430 1197 p
477 1210 538 1245 Ad
556 1209 837 1255 Antverpianos,
856 1221 918 1244 seu
936 1209 1200 1255 Andoverpios,
1329 1209 1391 1244 lib.
1412 1219 1437 1243 1.

475 1269 612 1303 Contra
630 1268 738 1302 Ritus
758 1268 959 1302 Suevorum
1326 1269 1387 1303 lib.
1409 1277 1435 1302 Ι.

478 1327 532 1361 De
551 1327 661 1361 Idolis
680 1327 906 1360 destruendis
1324 1326 1386 1361 lib.
1408 1335 1433 1360 1.

478 1385 533 1419 De
551 1385 691 1419 Sanctis
709 1385 926 1419 honorandis
1326 1385 1388 1419 lib.
1409 1394 1434 1418 Ι.

377 1444 519 1478 Floruit
538 1455 632 1477 anno
652 1451 808 1476 Dchll.
861 1442 937 1476 Alii
955 1443 993 1476 in
1011 1442 1081 1477 alia
1098 1443 1267 1489 rejiciunt
1289 1447 1462 1487 tempora,
1487 1443 1549 1477 sed
1567 1443 1620 1478 ita
1638 1454 1731 1477 mar-

327 1502 506 1548 tyrologia
534 1501 683 1541 Scofica,
711 1508 746 1534 et
775 1500 964 1534 breviaria.
1028 1501 1221 1542 Sinclarus,
1248 1500 1408 1542 Brunus‚
1437 1500 1586 1548 Regius,
1614 1500 1731 1547 Chey-

327 1572 426 1601 neus,
447 1564 481 1594 et
501 1560 574 1594 alii.

754 1660 789 1694 S.
817 1658 1165 1693 ERENTRUDIS.
1217 1661 1301 1694 451.

328 1736 363 1770 S.
400 1735 689 1775 ERENTRUDIQ
725 1733 963 1775 Erendrudis,
999 1733 1231 1775 Erindrudis,
1265 1733 1477 1776 Ariotruda,
1522 1732 1730 1776 Arudruda,

326 1794 539 1828 Arentruda
574 1793 690 1839 virgo,
725 1797 761 1826 et
795 1792 976 1827 abbatissa
1006 1792 1302 1839 Numbergensis,
1338 1804 1440 1827 soror
1470 1792 1506 1827 S.
1537 1792 1728 1835 Rudberti,

324 1852 432 1897 primi
464 1851 747 1897 Salisburgensis
779 1851 978 1892 antistitis;
1015 1853 1058 1886 de
1093 1863 1165 1896 quo
1200 1852 1282 1886 vide
1319 1851 1380 1886 lib.
1418 1860 1504 1885 XVI.
1536 1851 1632 1885 infra
1664 1852 1731 1886 hoc

325 1922 441 1955 opere.
497 1914 518 1929 ‘⁶
538 1909 747 1953 Prosapiam
766 1909 879 1943 traxit
901 1920 922 1943 a
945 1910 1089 1955 regibus
1108 1910 1293 1950 Franciae‚
1321 1914 1357 1944 et
1384 1910 1534 1944 ducibus
1559 1909 1730 1950 Scotiae,”

325 1974 365 2003 ut
393 1980 436 2002 ex
463 1969 614 2013 antiqua
640 1968 792 2002 historia
822 1968 980 2012 prodidit
1010 1979 1211 2013 anonymus
1238 1974 1362 2003 auctor
1388 1968 1426 2002 in
1452 1967 1540 2003 Vita
1566 1967 1601 2002 S.
1630 1968 1730 2002 Rud-

324 2027 426 2067 berti,
445 2027 647 2071 publicatus
665 2026 710 2060 ab
730 2025 888 2060 Henrico
902 2025 1047 2061 Canisio
1061 2031 1145 2060 tom.
1166 2035 1220 2060 VI.
1236 2026 1432 2072 Antiquar.
1448 2025 1609 2060 Lection.
1641 2026 1730 2067 Qui-

325 2096 464 2129 cunque
493 2086 535 2118 de
562 2084 597 2118 S.
627 2084 814 2118 Rudberto
841 2085 1045 2125 meminere,
1074 2095 1152 2118 eam
1179 2086 1339 2119 extulere
1366 2086 1476 2119 etiam
1503 2085 1640 2130 elogiis,
1667 2085 1728 2119 sed

325 2143 469 2186 quidam
489 2154 566 2177 eam
587 2143 701 2176 sancti
728 2143 824 2176 illius
851 2154 1019 2182 sororem,
1047 2144 1211 2177 nonnulli
1239 2148 1382 2188 neptem
1409 2147 1551 2177 tantum
1578 2142 1726 2178 faciunt.

328 2200 548 2235 Monialibus
567 2212 708 2235 summa
726 2200 885 2244 praefuit
903 2202 1104 2235 sanctitate.
1158 2201 1309 2246 Scripsit

475 2258 751 2292 Revelationum
771 2269 916 2292 suarum
1322 2260 1382 2294 lib.
1404 2269 1428 2293 Ι.

374 2315 514 2349 Claruit
532 2327 625 2349 anno
645 2325 736 2350 DCL.
777 2316 920 2350 Colitur
933 2317 990 2350 die
1006 2326 1108 2351 xxx.
1123 2317 1147 2351 J
1150 2317 1236 2352 unii.
1270 2318 1464 2352 Kalendar.
1483 2316 1725 2363 Salisburgen.

323 2374 427 2409 Joan.
456 2374 574 2408 Trith.
602 2375 661 2409 lib.
682 2384 742 2408 111.
770 2376 813 2409 de
840 2375 918 2410 Vir.
942 2376 1052 2410 illust.
1079 2376 1207 2410 Ordin.
1236 2376 1272 2410 S.
1300 2376 1486 2410 Benedicti
1514 2387 1589 2419 cap.
1618 2384 1724 2409 CCVI.

323 2433 473 2467 Arnold.
510 2431 631 2466 Uvion
667 2438 759 2477 part.
796 2442 856 2467 111.
899 2445 979 2479 pag.
1018 2443 1158 2468 CCVIII.
1230 2434 1437 2468 Translatio
1478 2434 1636 2480 ejusdem
1673 2444 1727 2466 ce-
