2032 2912
333 295 396 330 196
715 292 947 325 HISTORIA
971 291 1343 325 ECCLESIASTICA

334 402 379 424 ne
405 389 569 434 episcopi,
595 389 657 432 qui
679 392 757 422 tum
780 387 986 427 decesserat,
1010 391 1074 421 aut
1099 386 1218 421 verius
1243 387 1356 431 ipsius
1382 387 1485 428 sedis,
1511 387 1549 421 in
1575 389 1721 423 concilio

332 448 433 487 sedit,
452 446 508 480 vir
524 445 715 491 singularis
733 444 954 485 eruditionis,
974 448 1010 478 et
1027 455 1185 479 summae
1202 445 1466 486 moderationis,
1488 456 1552 479 nec
1575 446 1721 480 minoris

331 503 559 550 integritatis.
613 502 762 546 Scripsit

479 559 615 594 Contra
632 559 881 594 Schismaticos
1369 559 1431 594 lib.
1451 568 1476 593 Ι.

476 617 537 651 Ad
556 617 754 651 Concilium
773 616 1044 652 Constantiense
1367 618 1429 652 lib.
1449 626 1474 651 1.

477 675 549 709 Pro
568 686 652 709 vero
669 674 768 719 Papa
1365 675 1427 710 lib.
1447 684 1473 709 1.

376 733 531 768 Vivebat
565 744 658 767 anno
694 740 983 767 MCCCCXXXIX.
1020 732 1118 767 Haec
1152 743 1196 767 ex
1229 732 1253 766 J
1255 743 1367 767 oanne
1398 732 1519 767 Lundi
1553 735 1720 769 canonico

328 791 570 825 Brechinensi.

638 887 883 922 ANDREAS
909 887 1266 923 CRICHTONIUS.
1319 890 1401 922 354.

327 964 530 998 ANDREAS
548 963 788 1003 Crichtonius,
806 962 944 996 familia
961 962 1183 996 Ennernetia
1200 962 1237 995 in
1255 963 1377 1006 paucis
1400 962 1511 997 nobili
1535 967 1646 1004 ortus,
1672 966 1720 998 la-

328 1022 468 1056 boriosa
486 1022 562 1055 vita
580 1022 686 1055 toties
706 1021 854 1065 Europa
872 1022 1035 1061 lustrata,
1053 1021 1110 1054 vir
1124 1020 1268 1065 probus.
1301 1019 1460 1065 Scripsit,
1479 1025 1560 1066 post
1577 1022 1720 1056 tertiam

327 1080 508 1114 custodiae
527 1079 877 1112 Scotino-haereticae
895 1078 1142 1118 constantiam,

472 1136 654 1180 Excerpta
672 1147 716 1170 ex
733 1136 886 1170 Psalmis
905 1136 950 1169 ad
968 1135 1244 1170 consolationem
1261 1134 1473 1170 afflictorum
1516 1136 1577 1171 lib.
1599 1146 1622 1170 1.

474 1193 600 1228 Preces
618 1195 743 1240 lingua
760 1194 949 1227 vernacula
1517 1195 1577 1229 lib.
1598 1204 1623 1228 1.

374 1252 478 1288 Vivit
504 1253 542 1286 in
574 1253 700 1298 Belgio
731 1252 775 1285 ad
798 1251 844 1285 D.
871 1251 1033 1298 Virginis
1060 1251 1306 1292 Montisacuti,
1336 1252 1497 1297 speratis,
1524 1257 1559 1287 et
1586 1252 1720 1287 Romae

325 1311 520 1355 promissis,
538 1310 742 1344 sacerdotiis
761 1320 941 1344 excussus.

686 1424 849 1460 DAVID
875 1423 1224 1459 CAMERARIUS.
1276 1426 1359 1460 355.

326 1542 465 1575 DAVID
485 1542 723 1581 Camerarius,
743 1552 805 1575 seu
823 1540 1001 1581 Chalmer,
1019 1541 1181 1574 sacerdos
1201 1539 1417 1581 Catholicus,
1442 1541 1590 1586 antiqua
1607 1546 1641 1576 et
1659 1552 1720 1575 110-

326 1600 388 1634 bili
407 1599 568 1633 Fintriae
586 1599 732 1639 familia,
757 1599 814 1632 vir
839 1598 972 1644 insigni
996 1599 1193 1638 literatura,
1217 1597 1351 1631 Graece
1374 1603 1410 1632 et
1432 1597 1562 1632 Latine
1585 1599 1720 1638 doctus,

326 1658 402 1692 vita
420 1657 614 1691 continenti
634 1668 673 1690 ac
691 1656 951 1700 probatissimis
970 1655 1140 1696 moribus,
1160 1656 1197 1689 in
1216 1654 1354 1695 GalliiS‚
1374 1655 1573 1700 Hispaniis,
1600 1655 1721 1690 Italia-

325 1726 394 1760 que
420 1714 483 1748 diu
506 1718 679 1754 versatus,
704 1724 834 1759 magna
859 1713 1051 1747 modestiae
1075 1719 1110 1747 et
1135 1713 1353 1759 integritatis
1379 1714 1475 1758 apud
1500 1724 1623 1748 omnes
1647 1714 1722 1758 opi-

326 1773 445 1807 nione.
497 1771 647 1816 Scripsit
664 1772 856 1816 pleraque3
884 1771 923 1804 in
942 1771 998 1804 his
1016 1775 1070 1805 est

472 1829 658 1875 Lysander
676 1834 711 1864 et
729 1829 868 1863 Lucina
1190 1828 1251 1862 lib.
1273 1837 1298 1862 1.
1326 1828 1471 1863 Poetica
1487 1828 1638 1863 historia
1655 1830 1722 1863 ele-

524 1887 745 1933 gantissima,
766 1898 837 1931 qua
854 1887 949 1921 vitae
967 1887 1174 1931 spiritualis,
1190 1887 1438 1931 speculativae,
1453 1892 1494 1921 ut
1512 1887 1719 1932 loquuntur,

527 1950 562 1979 et
584 1945 731 1984 activae,
755 1944 925 1989 perfectio
952 1945 1176 1985 continetur3
1208 1949 1243 1978 et
1266 1944 1373 1979 habet
1399 1955 1569 1979 excursus
1595 1955 1720 1979 venus-

522 2004 690 2038 tissimos.

474 2062 518 2096 In
537 2061 560 2094 J
562 2072 604 2095 us
624 2060 844 2095 Canonicum
862 2060 981 2105 aliqua
1270 2060 1329 2094 lib.
1351 2069 1376 2094 Ι.

374 2121 478 2156 Vivit
496 2119 642 2158 Romae,
661 2118 797 2163 patriae
815 2118 1044 2158 necessarius,
1063 2118 1227 2152 omnibus
1245 2118 1341 2152 vitae
1358 2118 1564 2165 integritate
1582 2129 1695 2153 carus.

674 2233 910 2268 JOANNES
937 2233 1232 2268 COLVILLUS.
1286 2232 1368 2268 356.

329 2349 519 2383 JoANNEs
551 2348 733 2390 Cohrillus,
763 2349 985 2384 nobilissimo
1013 2350 1089 2384 loco
1117 2354 1235 2390 natus,
1270 2350 1455 2396 religiosae
1484 2349 1522 2383 in
1556 2350 1719 2383 comitem

329 2407 582 2441 Bothwellium
623 2407 878 2447 observantiae,
918 2407 1017 2440 illum
1059 2419 1080 2441 a
1120 2418 1202 2452 rege
1242 2408 1480 2452 proscriptum
1514 2407 1551 2440 in
1587 2405 1720 2440 Gallias
