2032 2912
690 356 865 390 GENTIS
891 357 1165 396 SCOTORUM,
1192 357 1280 389 LIB.
1304 357 1345 389 V.
1644 358 1707 390 249

321 452 405 492 rius,
424 456 486 485 aut
505 460 678 486 DCCCLX.
710 451 850 486 Colitur
867 460 972 485 XXII.
991 451 1161 498 Augusti.

742 565 779 599 S.
806 565 1139 601 ETHELREDA.
1193 565 1274 601 456.

321 682 356 714 S.
377 680 642 714 ETHELREDA
660 680 783 726 regina
801 684 836 714 et
853 680 944 713 vixit
968 680 1199 720 sanctissime,
1226 685 1261 715 et
1287 681 1492 716 confirmata
1517 683 1701 718 miraculo-

321 749 400 772 rum
412 738 526 783 gloria
537 738 695 778 excessit,
708 738 745 771 in
756 737 970 771 monasterio
981 735 1218 782 Coldingham
1232 738 1269 771 in
1284 737 1412 772 Scotia.
1440 739 1609 784 Polydor.
1621 741 1666 775 Vi
1672 752 1701 774 r-

319 796 380 840 gil.
400 795 460 829 lib.
480 804 533 829 1v.
552 807 633 842 pag.
654 804 811 829 Lxxxv.
864 794 964 828 Obiit
981 805 1074 828 anno
1092 803 1155 828 Dc.
1207 794 1346 829 Colitur
1365 805 1484 830 xxm.
1504 796 1673 842 Augusti.

766 910 801 944 S.
830 908 1113 943 EALREDUS.
1166 911 1249 947 457.

320 1026 354 1059 S.
375 1025 611 1066 EALREDUS‚
629 1025 705 1059 sive
723 1024 948 1064 Ethelredus,
967 1028 1029 1058 aut
1046 1023 1256 1065 Adelredus,
1282 1031 1324 1060 ut
1349 1025 1456 1060 habet
1482 1026 1591 1060 Laur.
1621 1026 1699 1060 Sur.

320 1089 404 1117 tom.
426 1092 485 1117 111.
504 1084 560 1116 die
578 1092 617 1117 x.
637 1082 749 1122 Junii,
768 1086 831 1116 aut
848 1081 1013 1121 fflredus,
1040 1087 1080 1116 ut
1105 1083 1200 1126 apud
1225 1082 1375 1117 Arnold.
1399 1083 1577 1117 Uvionem
1595 1084 1655 1118 lib.
1677 1094 1700 1118 1.

318 1140 399 1186 Lig.
418 1140 524 1174 Vitae
542 1152 623 1186 pag.
644 1149 806 1174 Lxxvn.
825 1150 868 1173 ex
887 1139 975 1173 Iona
992 1138 1189 1173 Rievallem
1208 1141 1400 1174 translatus
1417 1150 1424 1174 :
1451 1140 1541 1174 falso
1564 1141 1602 1174 in
1627 1141 1703 1175 An-

318 1199 391 1243 glia
409 1198 669 1232 Rievallensem
688 1201 838 1242 ponunt,
856 1201 897 1230 ut
914 1200 949 1230 et
966 1195 990 1229 J
992 1207 1120 1230 oannes
1139 1196 1306 1231 Molanus
1331 1197 1516 1232 Addition.
1541 1199 1586 1232 ad
1609 1198 1701 1233 Usu-

319 1257 394 1289 ardi
421 1255 722 1301 Martyrologium
748 1255 804 1288 die
835 1263 871 1287 V.
896 1253 1070 1288 Januarii.
1123 1253 1234 1288 Errat
1260 1266 1340 1288 cum
1367 1255 1492 1288 iisdem
1518 1255 1702 1290 Conradus

319 1312 570 1357 Lycosthenes.
611 1312 733 1346 Abbas
752 1311 989 1345 Rievallensis
1007 1311 1045 1344 in
1062 1310 1190 1351 Scotia,
1210 1311 1343 1345 Davidi
1362 1312 1546 1346 Scotorum
1564 1314 1638 1358 regi
1653 1313 1704 1346 fa-

318 1370 477 1410 miliaris,
495 1374 531 1403 et
548 1381 679 1416 magna
697 1369 792 1413 apud
811 1380 891 1402 eum
910 1368 954 1402 ob
972 1368 1066 1402 vitae
1084 1368 1335 1408 innocentiam,
1362 1373 1397 1402 et
1423 1370 1602 1403 doctrinae
1619 1371 1705 1404 cele-

318 1427 497 1467 britatem,
515 1427 732 1473 dignatione.
773 1425 917 1471 Collega
934 1425 970 1459 S.
990 1424 1137 1458 Alwini.
1179 1424 1266 1459 Vita
1284 1426 1372 1471 ejus.
1413 1426 1455 1467 Ii,
1473 1427 1629 1471 inquam,
1648 1427 1704 1460 de-

318 1484 421 1528 cepti,
440 1484 535 1528 quod
559 1484 721 1528 putarint
744 1483 782 1516 in
804 1482 922 1517 Scotia
946 1493 1018 1516 non
1043 1482 1153 1516 fuisse
1179 1482 1286 1516 etiam
1314 1482 1560 1518 Riedvallense
1586 1495 1706 1518 coeno—

319 1542 428 1581 bium,
446 1552 527 1575 cum
545 1542 634 1575 illud
651 1540 687 1575 S.
707 1540 919 1574 Malcolmus
937 1551 1000 1574 rex
1018 1540 1056 1574 in
1070 1539 1342 1580 Northumbria,
1362 1544 1439 1574 tum
1452 1541 1546 1586 juris
1565 1541 1703 1581 Scotici,

319 1599 559 1640 exstruxerit3
587 1599 648 1633 sed
666 1598 755 1632 illud
773 1603 931 1642 tempore
948 1598 1042 1643 regis
1059 1596 1256 1631 Alexandri
1275 1597 1319 1631 ab
1335 1597 1466 1644 Anglis
1489 1599 1562 1632 solo
1580 1611 1705 1644 aequa-

319 1662 407 1696 tum,
442 1656 744 1702 Martyrologium
774 1655 809 1689 S.
839 1655 974 1695 Crucis,
1007 1658 1113 1699 atque
1146 1654 1255 1700 hujus
1289 1655 1432 1698 quidem
1463 1655 1498 1690 S.
1530 1655 1704 1689 Ealredus

320 1713 427 1747 abbas
446 1722 509 1749 111.
526 1714 692 1754 habitus;
720 1717 756 1747 et
777 1713 820 1746 de
844 1711 1046 1757 Anglorum
1070 1712 1280 1755 impotentia
1303 1712 1341 1744 in
1367 1712 1545 1746 abolendis
1568 1712 1703 1747 Scotiae

318 1771 559 1805 monumentis
577 1772 664 1805 alias
682 1770 900 1804 commodius
918 1780 1033 1815 agam.
1085 1768 1177 1814 Ejus
1195 1764 1279 1803 sunt
1295 1778 1303 1802 :

466 1827 554 1862 Vita
572 1827 734 1862 Eduardi
751 1826 954 1872 Anglorum
972 1825 1083 1871 Regis
1286 1826 1347 1860 lib.
1369 1835 1410 1860 11.

469 1885 555 1920 Vita
571 1885 722 1920 Davidis
740 1884 925 1919 Scotorum
944 1882 1054 1929 Regis
1287 1883 1347 1918 lib.
1368 1893 1410 1917 11.

466 1942 553 1977 Vita
571 1943 719 1977 Niniani
738 1941 907 1986 Episcopi
1289 1941 1350 1975 lib.
1371 1951 1396 1975 1.

468 2000 554 2035 Vita
572 2001 797 2046 Margaretae
816 1998 974 2044 Reginae
992 1997 1129 2032 Scotiae
1290 1998 1350 2032 lib.
1371 2008 1395 2032 1.
1449 1998 1546 2033 Haec
1570 2004 1623 2033 est
1646 2000 1706 2033 illa

518 2069 609 2103 quae
626 2058 664 2091 in
682 2060 885 2091 sanctorum
902 2055 1014 2089 relata
1038 2067 1227 2090 numerum
1252 2065 1292 2090 X.
1316 2055 1418 2090 Junii
1445 2057 1582 2091 colitur.
1610 2056 1706 2090 Mar-

516 2117 622 2161 tyrol.
642 2115 794 2149 Roman.
831 2113 935 2147 Hect.
954 2112 1127 2148 Boethius
1145 2114 1205 2148 lib.
1226 2122 1300 2147 XII.
1320 2112 1459 2148 Histor.
1479 2113 1572 2148 Scot.
1592 2118 1627 2148 et
1644 2113 1703 2147 alii

519 2174 673 2207 annales.

472 2230 663 2275 Speculum
681 2228 876 2263 charitatis
1289 2229 1350 2263 lib.
1371 2237 1413 2262 11.

470 2289 524 2322 De
541 2288 713 2322 Amicitia
731 2287 916 2331 Spirituali
1287 2281 1349 2320 lili.
1369 2294 1429 2320 111.

470 2346 525 2380 De
543 2346 679 2379 Anima
1291 2343 1351 2378 lib.
1373 2352 1398 2377 1.

473 2404 643 2437 Planctus
662 2402 792 2436 Mortis
810 2401 959 2436 Davidis
980 2402 1089 2448 Regis
1291 2402 1351 2435 lib.
1372 2410 1397 2435 1.

470 2462 611 2508 Sagitta
627 2460 651 2495 J
653 2460 804 2495 onathae
1292 2458 1352 2493 lib.
1372 2467 1397 2492 1.
