2032 2912
683 349 859 384 GENTIS
881 346 1161 387 SCOTORUM,
1186 345 1276 382 LIB.
1301 348 1347 381 11.
1673 347 1716 381 99

371 446 455 480 Alio
474 454 579 481 sensu
595 445 802 481 Joachimus
818 443 971 479 Wolfius
987 443 1188 479 Germanus
1206 444 1284 490 ejus
1302 437 1505 478 facundiam
1522 441 1672 477 extulit:

622 542 764 571 Excultas
775 546 852 570 artes
866 549 959 578 nuper
972 539 1032 568 sola
1046 538 1122 568 Itala
1134 539 1223 568 tellus

662 588 711 616 Cis
725 587 818 626 Alpes
830 586 924 626 patrio
937 591 982 615 ent
994 595 1065 615 ausa
1079 590 1178 614 tenere
1192 586 1259 615 solo.

622 634 680 664 Sed
694 633 781 663 simul
794 633 908 672 imperii
922 632 1057 662 transivit
1070 632 1169 671 gloria,
1184 633 1289 662 Musae

664 681 817 710 Mutat-unt
831 679 923 714 sedes,
937 679 1151 718 eloquiumque,
1166 689 1250 709 suas:

621 727 756 767 Occupat
770 727 821 756 has
837 727 948 756 Hector
961 726 1074 756 boreale
1088 726 1228 756 Boethius
1241 735 1298 759 ora,

661 775 856 814 Captivasque
869 784 921 803 sun
935 774 989 803 sub
1002 773 1113 803 ditione
1125 778 1217 803 tenet.

625 822 661 851 In
675 822 800 851 Scotiam
814 821 839 851 si
853 821 894 851 sic
907 821 1147 860 transmigrante
1161 821 1329 854 Camoenae,

662 869 749 898 Forte
763 869 832 898 olim
846 868 961 908 imperii
974 873 1087 907 sceptra
1099 868 1184 897 beata
1198 867 1324 897 trahent.

374 961 537 996 Hectoris
557 971 640 996 vero
657 958 771 994 nostri
789 958 874 994 haec
891 958 965 995 fere
982 957 1161 1004 publicata
1178 961 1274 998 sunt,
1299 968 1363 992 nec
1385 963 1506 993 tamen
1530 960 1649 993 omnia
1673 961 1716 993 ad

323 1030 386 1053 nos
404 1022 642 1064 pervenerunt
657 1028 665 1051 :

472 1075 665 1121 Catalogus
683 1073 825 1120 Regum
842 1073 980 1109 Scotiae
1366 1073 1426 1108 lib.
1447 1082 1472 1108 1.

471 1132 673 1176 Descriptio
691 1130 809 1178 Regni
827 1131 965 1166 Scotiae
1365 1131 1426 1166 lib.
1446 1140 1470 1165 1.

470 1189 678 1224 Paraenesis
707 1188 751 1223 de
786 1188 972 1224 Scotorum
1002 1187 1128 1233 priscis
1158 1187 1373 1224 recentibus·

518 1257 588 1291 que
606 1243 788 1281 Institutis
805 1250 842 1280 et
860 1245 1025 1281 Moribus
1364 1245 1424 1280 lib.
1445 1255 1471 1280 1.

471 1303 644 1338 Recensio
670 1303 714 1337 de
743 1301 842 1337 Serie
871 1302 1025 1349 Regum,
1052 1313 1093 1337 ac
1119 1301 1376 1337 vicissitudine

518 1360 756 1405 Imperiorum
775 1360 997 1400 Britanniae,
1365 1359 1425 1395 lib.
1446 1368 1471 1394 1.

470 1417 672 1464 Regionum
698 1422 734 1452 et
757 1417 983 1463 Oppidorum
1007 1427 1071 1462 per
1094 1421 1207 1452 totam
1231 1416 1375 1451 Britan-

519 1477 616 1510 niam
635 1479 756 1510 vetera
773 1479 809 1509 et
826 1482 920 1509 nova
937 1472 1095 1509 Nomina
1363 1474 1424 1509 lib.
1445 1483 1470 1508 1.

472 1533 655 1568 Historiae
672 1531 831 1568 Scoticae
1365 1532 1427 1567 lib.
1447 1540 1550 1568 XVII.

470 1590 643 1637 Ejusdem
663 1589 847 1625 Historiae
864 1589 926 1625 lib.
947 1594 989 1624 Π.
1010 1588 1123 1624 additi
1142 1600 1164 1624 a
1182 1588 1356 1625 Ferrerio.

472 1648 527 1682 De
545 1648 846 1694 Navigationibus
1367 1647 1426 1682 lib.
1447 1656 1472 1681 Ι.

473 1704 783 1739 Aberdonensium
800 1703 1015 1739 Pontificum
1036 1703 1167 1739 Vitae:
1187 1705 1238 1739 ita
1255 1704 1330 1751 ipse
1349 1709 1451 1740 vocat
1469 1704 1528 1739 lib.
1546 1710 1602 1740 IX.
1624 1704 1719 1739 Hist.

521 1773 602 1807 pag.
621 1769 789 1796 ecxnvx.

472 1819 659 1854 Sermones
676 1823 712 1853 et
729 1817 902 1853 Lecturae
1367 1819 1427 1853 lib.
1449 1828 1473 1853 1.

472 1876 661 1911 Orationes
1369 1876 1429 1911 lib.
1449 1886 1474 1910 Ι.

474 1933 657 1977 Epistulae
674 1933 996 1978 eloquentissimae,
1014 1933 1066 1968 ait
1084 1933 1248 1973 Balaeus,
1366 1934 1426 1969 lib.
1449 1944 1473 1968 1.

376 1991 456 2025 Non
476 1998 619 2035 possum
638 1990 792 2025 transire
807 2001 950 2025 carmen
966 1989 1091 2025 Jodoci
1111 1990 1216 2025 Badii
1236 1991 1421 2027 Ascensii:

574 2065 578 2071 ’
624 2061 782 2090 Hectoreas
796 2067 872 2091 artes
885 2062 935 2101 qui
950 2061 1040 2092 Marti
1055 2062 1202 2101 adjudicat
1215 2072 1322 2097 omnes,

669 2108 766 2142 Errat,
780 2113 810 2138 et
824 2114 869 2138 est
883 2109 965 2139 elius
980 2109 1092 2139 Hector
1105 2110 1152 2139 hic
1166 2115 1228 2139 arte
1240 2116 1350 2149 potens.

625 2156 742 2185 Scilicet
755 2155 900 2189 historiae,
916 2155 1040 2196 Livique
1054 2156 1141 2186 decus
1156 2157 1298 2190 Patavini,

664 2203 828 2242 Lacteaque
841 2203 878 2232 ad
893 2203 991 2233 Scotos
1005 2204 1155 2233 transtulit
1169 2204 1290 2243 eloquia.

377 2278 514 2312 Ferunt
542 2288 613 2311 nou
637 2276 860 2312 mediocriter
885 2277 1049 2324 adjutum
1076 2289 1096 2312 a
1121 2275 1275 2323 quodam·
1303 2280 1437 2314 medico
1463 2279 1721 2322 Aberdonensi,

328 2335 536 2379 praesertim
553 2335 591 2368 in
610 2334 762 2369 texenda
780 2333 954 2370 Historia.

378 2391 545 2426 Florebat
571 2396 606 2426 et
632 2391 807 2427 scribebat
833 2403 927 2427 anno
955 2401 1138 2428 MDXXVI.
1165 2395 1307 2439 quando
1333 2395 1470 2436 obierit,
1497 2407 1568 2431 non
1595 2398 1721 2441 reperi,

329 2449 433 2484 Illum
469 2460 552 2483 sane
586 2448 762 2495 Georgius
797 2448 1037 2486 Buchananus
1071 2450 1212 2497 oblique
1247 2452 1468 2499 perstringit,
1501 2464 1541 2488 ac
1571 2453 1720 2488 subinde
