2032 2912
313 322 375 352 114
695 315 926 350 HISTORIA
950 312 1324 346 ECCLESIASTICA

614 410 696 439 Haec
709 414 760 438 tua
773 413 851 443 sunt,
866 407 1050 440 Buehanane,
1065 410 1173 445 tuoque
1186 406 1216 434 in
1231 405 1348 435 nomine
1360 410 1475 439 cuncta,

652 457 748 485 Canus
762 461 792 486 et
806 464 908 489 annus,
923 455 995 484 item
1008 454 1138 489 buccina,
1153 454 1252 488 bucca,
1267 463 1345 482 cano.

362 548 511 583 Carolus
530 545 757 582 Utenhovius
770 556 779 581 ε

615 632 688 662 Tres
703 631 791 661 Italos
806 631 886 661 Galli
900 641 983 661 senos
996 630 1101 664 vicere,
1116 630 1167 659 sed
1181 639 1273 659 unum

653 679 777 709 Vincere
792 679 972 718 scotigenam
987 688 1045 708 non
1058 677 1175 707 valuere
1188 686 1301 706 novem.

361 771 429 807 Est
446 775 482 805 et
503 770 730 816 praeconium
756 770 927 805 eximium
954 768 1124 815 ejusdem,
1150 767 1246 812 apud
1272 767 1477 802 Conradum
1504 766 1709 802 Rittershu-

312 829 403 863 sium
423 828 461 862 in
479 827 752 863 Commentariis
771 827 816 861 ad
833 827 1053 871 Oppianum,
1071 824 1095 858 J
1098 825 1145 859 ul.
1166 824 1327 859 Caesaris
1346 823 1517 871 Scaligeri
1536 835 1543 858 ε

611 906 696 936 Felix
712 906 828 944 Georgi,
843 905 952 934 lacteae
965 914 1056 934 venae
1069 910 1162 944 pater,

691 953 775 989 Quae
789 953 863 981 ditat
877 953 1050 981 immensum
1065 962 1153 986 mare,
1169 952 1222 980 διο.

360 1044 459 1079 Idem
477 1045 582 1089 pleno
599 1054 682 1079 ore:

610 1115 685 1144 Heri
699 1115 830 1154 legebam
845 1124 939 1154 nuper
953 1113 1075 1144 allatum
1089 1113 1161 1143 mihi

609 1163 759 1202 Sapidum,
774 1162 926 1196 tenellum,
941 1161 1028 1191 molle
1042 1171 1166 1196 carmen,
1179 1170 1309 1197 aureum,

611 1210 840 1248 Intelligendum
854 1209 901 1238 vel
915 1209 1021 1248 puellis
1035 1209 1177 1242 omnibus,

614 1257 644 1286 Si
659 1257 802 1296 splendor,
817 1262 905 1295 atque
919 1257 1041 1295 puritas,
1056 1256 1153 1291 decus,
1167 1256 1245 1285 nitor

612 1305 752 1333 Animum
767 1305 864 1333 subire
877 1303 1061 1333 luculentum
1075 1304 1168 1332 ullum
1182 1309 1270 1342 queat
1282 1314 1292 1339 ;

610 1351 840 1390 Intelligendum
854 1361 911 1380 non
926 1350 1010 1379 facile
1025 1351 1115 1380 doctis
1129 1351 1207 1386 viris,

611 1399 677 1427 Nisi
692 1399 798 1428 mentis
813 1400 956 1428 excitetur
971 1398 1054 1428 ardor
1069 1398 1179 1433 efficax,

613 1446 829 1476 Sententiarum
844 1452 961 1486 propter
975 1446 1104 1476 ardorem
1117 1455 1240 1481 merum,
1255 1446 1307 1475 &c.

359 1536 465 1571 Alius
484 1537 665 1572 nominari
684 1537 881 1583 indignus:

612 1609 760 1638 Aonidum
774 1608 935 1638 immortale
949 1609 1046 1643 decus,
1062 1608 1247 1644 Buchanane‚
1260 1618 1398 1643 sororum,

612 1656 746 1694 Namque
761 1656 815 1684 tibi
829 1661 975 1685 extremae
988 1666 1078 1695 prope
1091 1661 1159 1684 nato
1173 1655 1209 1684 ad
1223 1656 1322 1685 littora
1337 1656 1458 1690 Thules,

611 1703 654 1732 Os
668 1708 802 1732 tenerum
816 1702 947 1732 Aonides
961 1703 1001 1732 sic
1015 1703 1176 1732 formavere
1189 1702 1316 1741 puellae,

611 1749 659 1778 Sic
674 1750 763 1778 Graio
777 1750 885 1789 pariter
898 1750 985 1779 melle
998 1750 1118 1779 illevere
1131 1749 1247 1784 labella,

613 1797 733 1826 Pectora
750 1797 877 1826 Romano
890 1797 931 1826 sic
945 1797 1102 1836 implevere
1116 1807 1226 1832 sonore,

616 1844 659 1873 Ut
674 1850 704 1873 te
720 1844 820 1878 Roma,
835 1844 904 1874 licet
919 1845 1068 1874 Scotorum
1082 1844 1119 1873 ad
1132 1844 1231 1874 littora
1245 1850 1361 1882 natum,

612 1892 779 1930 Aequoreas
793 1892 870 1921 inter
884 1897 991 1927 cautes,
1006 1897 1093 1931 atque
1107 1892 1222 1921 horrida
1235 1898 1309 1929 cete,

615 1939 767 1978 Tanquam
782 1939 853 1968 urbe
867 1940 898 1967 in
912 1939 1006 1968 media
1021 1940 1112 1968 civem
1127 1940 1182 1968 sibi
1197 1940 1325 1970 vindicet
1338 1946 1444 1971 ortum.

614 1986 687 2014 Inde
701 1991 799 2015 autem
814 1986 910 2025 magni
924 1992 955 2015 te
970 1987 1094 2015 Mantua
1107 1986 1183 2015 clara
1198 1987 1328 2017 Maronis

612 2033 632 2063 J
635 2040 699 2062 uret
713 2034 803 2072 stirpe
819 2039 924 2067 satum,
939 2039 969 2062 at
983 2039 1081 2063 contra
1095 2033 1210 2063 Verona
1225 2035 1334 2064 Catulli
1347 2046 1356 2070 3

613 2081 734 2110 Asserat
749 2081 816 2109 hinc
831 2080 1008 2115 Venusinus,
1023 2087 1053 2110 et
1067 2081 1134 2109 hine
1150 2082 1298 2120 Pelignus,
1313 2088 1344 2112 et
1357 2082 1427 2112 inde

614 2128 746 2157 Corduba
760 2132 790 2157 te
804 2133 926 2167 repetat,
941 2133 1054 2167 repetat
1067 2138 1181 2167 qnoque
1196 2129 1311 2159 Bilbilis
1325 2129 1401 2159 inde.

614 2176 658 2204 At
672 2181 768 2204 vatem
783 2175 895 2205 interea
909 2175 1126 2210 Buchananum‚
1142 2176 1247 2209 Scotia,
1258 2177 1352 2215 jactes

617 2221 685 2251 Una
700 2229 793 2255 tuum,
809 2222 880 2251 felix
895 2223 986 2252 tantis
999 2222 1144 2252 natalibus
1157 2233 1215 2252 una
1229 2235 1237 2252 ε

615 2268 713 2297 Macte
728 2279 841 2308 quoque
855 2270 964 2308 ingenii
978 2275 1061 2299 tanta
1073 2271 1193 2305 virtute,
1210 2271 1329 2309 Georgi,

614 2315 786 2351 Aeternum,
802 2322 832 2345 et
848 2317 926 2346 Latii
939 2317 1038 2355 spoliis
1052 2323 1169 2347 ornatus
1183 2319 1295 2357 opimis,

619 2361 789 2402 Invidiaque
801 2365 879 2393 omni
894 2364 991 2403 major,
1006 2365 1190 2400 Buchanane,
1205 2365 1363 2405 triumpha.
