2032 2912
702 336 878 371 GENTIS
900 334 1181 374 sco‘rORUM,
1206 334 1298 368 LIB.
1323 334 1369 368 11.
1695 334 1737 369 79

338 438 478 470 sanctos
495 442 598 468 curas
614 432 774 467 dividere
790 432 925 472 solitos,
941 436 985 466 ιιι
999 429 1182 465 nonnullis
1199 430 1245 464 ad
1262 429 1398 475 patriae
1414 429 1566 464 salutem
1583 428 1726 468 relictis,

338 492 399 526 alii
426 490 602 537 evangelii
627 489 883 525 disseminandi
906 488 1060 533 correpti
1086 488 1212 523 ardore
1236 492 1362 535 gentes
1387 486 1645 523 transmarinas
1670 496 1729 530 pe·

338 553 466 584 terent.
517 546 669 592 Scripsit

487 604 544 639 De
558 602 768 639 visionibus
785 602 937 637 Fui-saei
1274 602 1336 637 lib.
1357 612 1382 638 1.

387 662 528 697 Floruit
543 659 723 695 confessor
738 670 833 694 anno
850 666 943 693 DcL.
982 657 1125 694 Colitur
1140 660 1198 694 die
1215 668 1302 694 XVI.
1320 659 1488 695 Deeemb.
1539 659 1728 705 Martyrol.

335 719 478 766 Anglic.
495 722 537 754 ut
553 722 590 753 et
605 718 697 752 alter
712 726 934 763 synonymus
951 716 1076 751 eodem
1093 716 1151 751 die
1167 717 1207 751 in
1224 715 1486 764 Martyrologio
1505 716 1679 752 Romano.

817 830 856 866 S.
882 829 1099 866 BRONUS.
1152 833 1236 870 139.

334 948 372 983 S.
391 948 571 989 Bnoxus,
588 948 665 982 sive
682 947 859 987 Broonus,
877 947 1063 992 episcopus
1085 945 1224 988 Scotus,
1247 957 1355 992 quem
1376 946 1413 982 S.
1436 946 1588 994 Brigida
1610 948 1733 995 ingen-

335 1006 365 1040 ti
381 1006 569 1046 calumnia,
592 1005 735 1051 publica
756 1003 903 1050 synodo,
930 1003 1103 1039 miraculo
1125 1003 1314 1046 liberavit3
1340 1016 1425 1039 nam
1448 1016 1529 1040 cum
1551 1005 1732 1050 impudica

335 1068 372 1098 et
389 1063 550 1097 adultera
566 1063 705 1102 mulier,
723 1060 899 1096 infantem
916 1061 999 1095 sinu
1015 1065 1170 1108 gestans,
1190 1066 1353 1096 sanctum
1370 1062 1574 1107 episcopum
1591 1068 1730 1108 patrem

335 1121 414 1166 ejtis
432 1120 656 1160 mentiretur,
674 1119 778 1166 virgo
794 1117 865 1153 Dei
881 1117 1057 1152 infantem
1074 1119 1173 1164 loqui
1193 1119 1316 1165 jussit,
1342 1119 1405 1165 qui
1430 1124 1467 1154 et
1491 1120 1729 1155 innocentiam

335 1176 372 1212 S.
392 1177 505 1212 Broni
522 1177 663 1222 publice
684 1177 855 1217 elocutus,
881 1180 919 1210 et
941 1175 1068 1210 matris
1094 1175 1280 1220 perfidiam
1304 1177 1495 1218 accusavit,
1522 1181 1731 1223 patremque

334 1246 440 1270 suum
458 1240 494 1269 et
511 1234 723 1274 nominavit,
740 1238 777 1268 et
793 1233 932 1268 intento
949 1233 1064 1279 digito
1076 1233 1304 1268 monstravit.
1321 1232 1374 1268 Et
1386 1244 1431 1268 ne
1443 1238 1567 1269 tantus
1580 1235 1730 1270 antistes

333 1291 436 1326 nobis
462 1291 713 1336 praeripiatur,
738 1290 850 1325 verba
873 1290 953 1334 ipsa
976 1289 1084 1324 Surio
1106 1294 1204 1324 tomo
1230 1299 1257 1324 1.
1283 1302 1365 1337 pag.
1393 1300 1594 1326 CCXLVIII.
1621 1292 1731 1327 citata

335 1349 528 1384 sufficient:
547 1352 570 1369 ‘⁶
582 1348 717 1383 Mulier
729 1348 859 1383 nobilis
872 1358 892 1382 e
904 1347 1023 1382 Scotia
1036 1345 1147 1380 filiam
1159 1345 1313 1382 habebat
1326 1358 1348 1382 a
1360 1348 1551 1382 nativitate
1566 1353 1705 1384 mutam
1718 1360 1728 1390 ;

330 1417 423 1448 eam,
442 1417 522 1441 cum
541 1410 634 1441 esset
645 1406 831 1440 duodecim
845 1415 1032 1445 annorum,
1050 1404 1156 1438 duxit
1172 1404 1218 1438 ad
1235 1404 1459 1451 Brigidam.”
1496 1404 1589 1440 Ecce
1602 1406 1731 1441 mulier

334 1463 440 1499 Scota
456 1463 588 1498 obtulit
609 1463 719 1498 filiam
741 1463 913 1509 Brigidae
934 1462 1072 1502 Sootae‚
1093 1466 1131 1496 et
1153 1462 1193 1496 in
1209 1460 1340 1504 Scotia,
1365 1463 1525 1508 alioquin
1549 1464 1645 1497 enim
1669 1464 1731 1498 ali-

334 1532 442 1568 quam
459 1521 598 1555 itineris
615 1520 844 1560 mentionem,
869 1524 934 1555 aut
958 1520 1150 1566 trajectum
1175 1520 1285 1554 maris
1311 1521 1464 1566 scriptor
1488 1521 1659 1566 antiquus
1675 1521 1730 1555 in-

332 1580 492 1619 nuisset;
515 1583 552 1613 et
566 1578 656 1624 quid
672 1588 805 1623 quaeso
822 1588 913 1623 opus
930 1588 972 1612 eo
986 1588 1088 1618 aevo,
1104 1588 1179 1623 quo
1196 1582 1252 1612 tot
1269 1578 1383 1613 sancti
1400 1578 1591 1618 antistites,
1609 1589 1730 1614 mona·

333 1636 402 1677 chi,
420 1636 588 1671 eremitae
604 1636 643 1670 in
657 1635 777 1670 Scotia
789 1639 902 1675 erant,
917 1635 963 1670 ad
977 1634 1207 1670 Hirlandiam
1220 1635 1412 1682 confugere
1425 1635 1443 1669 ἶ)
1461 1634 1513 1670 Ει
1525 1635 1611 1670 haec
1623 1637 1730 1681 plana

333 1706 414 1729 reor
430 1698 623 1739 apertaque
641 1692 757 1728 Scotis
773 1693 874 1734 meis,
893 1693 981 1727 adeo
997 1693 1163 1728 omnibus
1179 1693 1383 1739 ubicunque
1400 1698 1578 1728 terrarum
1592 1694 1726 1734 doctis;

335 1751 627 1785 Hirlandieorum
651 1754 963 1797 nugamentorum,
989 1754 1026 1784 et
1049 1750 1089 1784 in
1114 1750 1231 1785 medio
1256 1751 1418 1785 veritatis
1444 1751 1517 1785 sole
1534 1751 1729 1786 caecutien-

333 1809 438 1848 tium,
456 1807 729 1842 oblatrationem
746 1807 837 1842 nihil
854 1816 985 1841 moror.
1037 1805 1179 1851 Scripta
1195 1808 1391 1852 perierunt.

384 1865 527 1900 Floruit
545 1875 640 1899 anno
658 1872 760 1898 Dxx.
811 1863 898 1899 Dies
916 1868 953 1898 et
969 1863 1080 1904 sedes,
1098 1869 1140 1898 ut
1156 1875 1261 1909 saepe
1278 1862 1376 1906 alias,
1393 1865 1541 1901 incerta.

813 1978 850 2014 S.
877 1978 1111 2014 BOETIUS.
1165 1981 1247 2014 140.

335 2097 372 2131 S.
407 2095 603 2136 BOETIUS,
637 2094 821 2140 apostolici
856 2094 1015 2130 instituti
1049 2095 1285 2140 praedicator,
1319 2095 1474 2139 patriam
1508 2095 1633 2131 lubens
1668 2098 1728 2133 de-

335 2154 458 2194 seruit,
487 2157 529 2187 ut
559 2153 769 2199 peregrinus
799 2162 919 2186 amore
949 2152 1017 2186 Dei
1046 2152 1156 2193 fieret,
1186 2153 1419 2198 gentiumque
1447 2153 1507 2187 vel
1531 2153 1727 2189 infidelium

336 2212 392 2245 vel
422 2211 460 2244 in
490 2209 558 2244 fide
586 2210 792 2244 nutantium
824 2210 961 2244 animos
995 2209 1229 2245 confirmaret.
1294 2209 1362 2244 Sed
1390 2210 1558 2245 audiatur
1591 2222 1726 2258 anony-

336 2279 417 2303 mus
436 2273 561 2302 auctor
577 2267 616 2301 in
632 2266 720 2301 Vita
733 2266 770 2301 S.
785 2266 943 2312 Eloquii‚
961 2268 1095 2301 relatus
1113 2278 1134 2301 a
1152 2266 1257 2302 Surio
1274 2272 1361 2302 tom.
1380 2276 1451 2302 vn.
1478 2272 1501 2288 ‘⁸
1517 2267 1628 2304 Venit
1645 2268 1729 2304 Elo-

331 2326 441 2371 quius
460 2325 504 2359 ad
523 2324 721 2359 Galliarum
738 2325 861 2359 littora
878 2335 923 2359 ex
941 2324 1135 2359 Hiberniae
1153 2325 1309 2372 regione,
1326 2336 1408 2360 cum
1426 2326 1605 2371 aliquibus
1623 2337 1729 2362 vene-

336 2383 507 2417 rabilibus
525 2383 624 2423 viris‚
646 2382 808 2416 videlicet
826 2381 997 2422 Fursaeo,
1015 2381 1189 2423 Foillano,
1208 2382 1354 2423 Ultano‚
1372 2382 1510 2424 Boetio,
1528 2383 1674 2424 Ettone,
1692 2389 1727 2419 et

334 2441 484 2475 caeteris
502 2439 773 2475 confratribus?
821 2439 1032 2475 Hiberniam
1049 2439 1107 2475 hic
1124 2440 1266 2486 proprie
1283 2445 1433 2487 usurpat
1450 2451 1515 2486 pro
1532 2453 1573 2476 ea
1589 2440 1726 2477 Scotiae
