2032 2912
333 307 375 338 38
710 298 943 333 HISTORIA
966 294 1339 330 ECCLESIASTICA

335 401 431 447 giam
465 397 610 433 Parisiis
643 395 809 430 secularis
838 393 956 427 fuerat
989 390 1181 436 professus,
1217 394 1253 424 et
1286 399 1331 423 ex
1365 387 1529 422 Romana
1563 388 1719 433 peregri-

336 458 476 492 natione
501 453 711 489 monachum
736 451 866 486 ibidem
891 450 958 485 loci
976 449 1152 484 induerat.
1204 446 1355 492 Scripsit
1371 446 1497 485 multa,
1517 444 1579 478 sed
1596 449 1720 478 extant

336 519 485 553 tantum,
503 511 597 557 quod
615 511 734 550 sciam,

477 568 690 609 Quodlibeta
708 566 957 610 Philosophica
1165 563 1225 598 lib.
1246 572 1272 597 1.

476 625 797 660 Deterrninationes
817 622 1051 668 Theologicae
1163 621 1224 655 lib.
1245 629 1271 654 1.
1303 619 1504 654 Chronicon
1532 617 1617 651 dicti
1644 627 1718 650 mo-

526 682 684 722 nasterii,
702 685 737 715 et
755 685 833 715 acta
850 680 1048 714 academiae
1066 679 1289 713 Parisiensis.

381 739 543 774 Praefuit
559 739 660 773 annis
679 747 769 772 vm.
821 738 922 772 Obiit
939 748 1032 771 anno
1051 744 1257 771 MCCCCLV.

836 851 872 885 S.
900 849 1095 885 AGLIUS.
1148 852 1206 888 57.

330 969 366 1002 S.
385 968 555 1008 AGLIUS,
574 973 595 988 “
614 968 670 1001 vir
686 968 724 1001 in
738 967 933 1011 disciplinis
948 964 1171 1012 regularibus
1184 964 1345 1009 apprime
1358 963 1552 1002 eruditus,”
1566 962 1617 996 ait
1632 961 1718 996 Fre-

328 1027 477 1071 degosus
495 1025 533 1059 in
551 1024 637 1059 Vita
655 1024 690 1058 S.
705 1023 882 1063 Audoeni,
901 1034 975 1067 cap.
991 1031 1063 1055 vn.
1079 1027 1159 1055 cum
1174 1021 1209 1055 S.
1224 1020 1446 1055 Columbano
1463 1018 1569 1054 Scoto
1586 1031 1631 1054 ex
1650 1019 1717 1053 Hi-

328 1083 448 1117 bernia
464 1083 502 1116 in
520 1081 652 1115 Gallias
670 1081 862 1121 descendit,
880 1079 1074 1124 discipulus
1099 1079 1256 1124 ejusdem
1282 1082 1318 1112 et
1341 1077 1440 1118 civis,
1467 1081 1504 1111 et
1527 1077 1572 1111 ab
1595 1077 1716 1111 eodem

326 1139 509 1178 Audoeno,
536 1137 816 1183 Rhotomagensi
842 1137 1014 1176 antistite,
1041 1136 1173 1170 accitus
1192 1136 1237 1170 ad
1254 1135 1339 1170 novi
1358 1135 1563 1169 monasterii
1582 1134 1716 1169 Rasba-

325 1197 447 1236 censis,
466 1196 560 1241 quod
577 1195 652 1240 ipse
670 1194 925 1234 aedificaverat,
943 1205 1077 1233 curam,
1094 1194 1233 1238 primus
1251 1193 1360 1227 abbas
1377 1192 1457 1232 loci,
1474 1203 1605 1238 magna
1618 1203 1717 1226 sanc-

324 1255 426 1288 titate
456 1258 491 1287 et
521 1253 737 1287 continentia
769 1252 963 1285 monastica
993 1256 1078 1285 vota
1107 1251 1277 1290 exercuit,
1314 1250 1451 1294 primus
1481 1260 1500 1282 e
1531 1249 1716 1284 duodecim

326 1310 517 1354 discipulis,
544 1310 604 1353 qui
631 1321 652 1343 a
677 1309 848 1354 magistro
874 1308 922 1342 sit
946 1308 1119 1348 divulsus,
1138 1308 1335 1342 maximum
1359 1308 1453 1341 inter
1476 1307 1716 1341 sanctissimos

325 1369 402 1402 illos
420 1368 516 1402 viros
534 1367 663 1401 amoris
681 1371 943 1412 argumentum,
961 1365 1023 1409 qui
1042 1366 1192 1399 alterum
1210 1365 1437 1410 relinqueret,
1456 1364 1559 1398 alteri
1573 1375 1716 1408 operam

326 1430 532 1465 navaturus,
560 1429 595 1458 et
611 1424 718 1458 simul
735 1430 927 1468 utrumque
945 1422 1073 1457 animis
1091 1422 1262 1467 firmaque
1280 1422 1451 1457 memoria
1473 1422 1714 1468 conjungeret.

327 1482 475 1527 Scripsit

472 1539 527 1573 De
545 1538 754 1573 Sanctorum
773 1537 888 1572 Feriis
1161 1537 1222 1572 lib.
1245 1547 1269 1572 1.

472 1596 527 1630 De
546 1595 770 1630 Poenitentia
1161 1594 1223 1629 lib.
1243 1604 1268 1629 Ι.

472 1653 722 1687 Enchiridium
740 1651 938 1686 claustrale
1161 1652 1222 1687 lib.
1243 1662 1268 1686 1.

368 1711 505 1745 Claruit
534 1709 711 1744 confessor
739 1720 832 1743 anno
863 1717 1023 1743 DXLvn.
1056 1710 1112 1744 vel
1141 1718 1296 1744 DCLxx.
1333 1709 1472 1745 Colitur
1506 1711 1562 1744 die
1592 1719 1712 1745 XXIX.

318 1767 487 1814 Augusti,
514 1772 554 1801 ut
580 1768 658 1800 vult
685 1765 907 1800 Trithemius
936 1766 996 1800 lib.
1025 1775 1085 1801 111.
1112 1766 1190 1802 Vir.
1209 1768 1340 1802 illustr.
1362 1778 1437 1812 cap.
1457 1765 1558 1802 XCII.
1577 1769 1634 1803 vel
1651 1765 1709 1802 di'e

325 1834 425 1858 xxx.
453 1825 621 1870 ejusdem,
647 1823 767 1858 Uvion
793 1823 854 1857 lib.
882 1832 942 1857 111.
969 1835 1050 1870 pag.
1071 1833 1282 1859 cexxcvn.
1310 1829 1373 1859 aut
1397 1825 1550 1870 denique
1576 1833 1602 1860 1.
1629 1825 1714 1871 Sep-

324 1883 429 1916 temb.
457 1887 498 1916 ut
519 1883 632 1926 placet
659 1881 866 1925 Maurolyco
893 1886 928 1915 et
953 1881 1073 1916 Felici.
1123 1881 1273 1928 Agilum
1297 1887 1401 1917 vocat
1424 1882 1558 1924 Uvion,
1582 1888 1618 1917 et
1640 1894 1712 1918 non

323 1941 396 1974 sine
422 1945 506 1974 nota
532 1939 567 1973 S.
594 1938 755 1973 Eustasii
781 1938 993 1983 discipulum
1021 1938 1117 1980 facit,
1136 1951 1216 1974 cum
1236 1939 1324 1974 Vita
1341 1939 1377 1974 S.
1396 1939 1563 1975 Audoeni
1581 1941 1713 1986 scripta

323 2009 384 2041 per
402 1997 653 2042 Fredegosum‚
672 1996 807 2030 fidelem
827 1997 1021 2036 notarium,
1036 1996 1071 2030 S.
1091 1996 1312 2031 Columbano
1326 1998 1506 2032 divulsum
1521 2002 1711 2042 antequam

324 2054 524 2088 Luxovium
543 2054 753 2098 perveniret,
772 2058 936 2088 testetur.
964 2053 1194 2099 Maurolycus
1212 2065 1296 2088 vero
1314 2054 1381 2088 sub
1402 2054 1581 2089 Clodoneo
1599 2054 1712 2088 Fran-

323 2122 442 2145 corum
460 2123 541 2157 rege
559 2111 670 2155 ponit,
688 2122 779 2156 quae
802 2116 898 2145 aetas
927 2111 964 2144 in
988 2110 1024 2145 S.
1049 2111 1309 2146 Columbanum
1332 2112 1494 2157 quadrat,
1518 2112 1556 2146 in
1579 2111 1711 2146 Eusta-

323 2169 413 2202 sium
432 2169 617 2203 convenire
635 2169 770 2213 nequit.

679 2266 890 2302 AENEAS
917 2266 1129 2302 SYLVIUS
1155 2267 1229 2302 PP.
1282 2270 1340 2303 58.

322 2339 494 2374 AENEAS
524 2339 677 2386 Sylvius,
707 2341 774 2376 etsi
809 2341 958 2376 Italicae
992 2342 1152 2388 originis,
1188 2347 1294 2377 natus
1328 2342 1517 2377 Corsiliani
1551 2343 1590 2376 in
1625 2353 1710 2388 agro

321 2397 465 2431 Senensi
517 2409 560 2432 ex
606 2399 803 2434 clarissima
853 2404 962 2446 gente
1015 2399 1263 2438 Picolominea,
1314 2399 1475 2443 pontifex
1525 2399 1710 2434 Romanus
