2032 2912
281 293 345 323 120
658 288 889 322 HISTORIA
913 286 1287 320 ECCLESIASTICA

288 387 458 421 bellorum
475 385 673 430 supplicum
691 384 804 430 elogio
822 381 1014 417 honorifico
1032 385 1086 416 est
1103 381 1267 416 donatus.
1319 378 1413 426 Ejus
1432 383 1538 414 sunt:

435 442 603 486 Princeps
622 441 803 476 Ciceronis
1277 437 1339 471 lib.
1360 446 1385 471 1.

435 499 566 532 Orator
583 498 765 532 Ciceronis
1276 495 1338 529 lib.
1359 504 1384 529 1.

436 555 586 590 Senator
603 555 782 590 Ciceronis
1277 553 1339 587 lib.
1359 562 1384 587 1.

435 612 479 646 In
498 613 618 646 omnia
634 612 815 646 Ciceronis
833 612 954 657 Opera
972 610 1250 646 Observationes
1276 610 1339 644 lib.
1358 618 1384 644 1.

338 670 441 705 Vivit
459 670 574 704 adhuc
591 669 768 710 Lutetiae,
787 673 822 704 et
839 670 945 714 plura
963 670 1121 703 molitur.

594 783 914 819 GUILIELMUS
940 781 1242 818 BARCLAIUS.
1296 785 1379 817 211.

288 901 554 936 GUILIELMUS
572 899 767 939 Barclaius,
787 898 1007 933 nobilissimo
1024 899 1100 932 loco
1117 901 1229 938 ortus,
1249 896 1391 932 baronis
1416 896 1534 931 Tauvi
1562 896 1684 937 frater,

286 958 425 1004 generis
443 956 727 1003 magnitudinem
744 956 879 1001 ingenii
896 955 1065 990 felicitate
1082 955 1268 999 depressit.
1322 954 1472 988 Parisiis
1494 953 1679 988 humanio-

286 1027 342 1050 res
359 1015 480 1049 literas
498 1025 577 1048 cum
595 1013 732 1058 ingenti
750 1013 910 1047 omnium
937 1012 1171 1046 admiratione
1197 1011 1380 1056 professus
1406 1015 1470 1052 est,
1497 1022 1586 1056 quas
1614 1011 1683 1045 Lo-

285 1072 381 1106 vanii
413 1072 452 1105 in
483 1070 602 1104 schola
631 1069 748 1114 Lipsii
774 1070 955 1110 didicerat,
981 1070 1084 1115 cujus
1115 1069 1159 1103 ad
1191 1081 1273 1103 eum
1304 1073 1359 1103 est
1391 1069 1494 1113 epist.
1527 1077 1683 1102 XXXIII.

288 1133 423 1163 centur.
451 1137 511 1161 111.
563 1126 652 1161 Inde
677 1127 715 1160 in
732 1126 887 1161 Scotiam
905 1126 1084 1171 profectus
1104 1127 1363 1172 aliquantisper
1381 1126 1554 1166 substitit,
1573 1127 1683 1160 donec

286 1185 441 1220 ministri
459 1185 511 1219 illi
529 1184 707 1219 Sathanae
732 1195 864 1230 magna
889 1196 970 1219 eum
996 1184 1160 1218 molestia
1186 1184 1376 1219 afficientes
1403 1185 1519 1219 solum
1545 1189 1683 1218 vertere

285 1247 487 1289 coegerunt,
506 1243 569 1288 qui
586 1242 625 1276 in
643 1241 770 1276 Galliis
788 1242 920 1277 iterum
947 1242 1072 1276 docere
1093 1241 1204 1276 bonas
1223 1246 1317 1276 artes
1336 1242 1509 1277 sustinuit
1527 1241 1684 1276 Nanneti

287 1302 324 1334 in
342 1300 533 1334 Britannia
551 1299 703 1334 Minore.

336 1357 428 1403 Ejus
447 1361 530 1391 sunt
548 1358 686 1399 multa3
715 1357 752 1390 in
771 1356 837 1397 his,

435 1413 719 1449 Commentarius
745 1415 784 1448 in
800 1413 924 1449 Vitam
942 1414 966 1449 J
968 1415 1032 1449 ulii
1049 1415 1239 1462 Agricolae

483 1471 639 1506 Cornelii
658 1471 776 1506 Taciti
804 1470 890 1516 (non
917 1473 1031 1517 placet
1052 1473 1152 1514 mihi,
1174 1485 1238 1508 nec

484 1533 586 1563 tanto
603 1529 747 1574 ingenio
765 1529 897 1575 dignus
915 1530 1071 1576 videtur)
1277 1531 1338 1565 lib.
1359 1540 1383 1565 Ι.

438 1585 692 1621 Genethliacon
710 1585 834 1621 Jacobi
853 1586 963 1633 Regis
1277 1589 1339 1623 lib.
1360 1598 1385 1622 1.

432 1643 621 1678 Orationes
1277 1646 1339 1680 lib.
1360 1656 1386 1680 1.

434 1700 700 1734 Declarationes
1275 1704 1336 1738 lib.
1357 1713 1382 1737 1.

433 1757 629 1802 Epistolae,
648 1759 936 1803 eloquentissimo
953 1760 1057 1805 stylo,
1273 1761 1335 1796 lib.
1355 1770 1382 1794 1.

433 1814 487 1849 De
505 1814 622 1860 Aquis
641 1814 814 1860 Spadanis
1273 1819 1334 1853 lib.
1356 1828 1381 1853 1.

340 1873 441 1907 Vivit
460 1873 575 1907 adhuc
594 1873 631 1907 in
650 1872 780 1915 Scotia,
798 1879 833 1908 et
851 1874 1074 1916 medicinam,
1092 1879 1132 1910 ut
1152 1876 1264 1917 aiunt,
1282 1877 1489 1921 popularem
1508 1885 1656 1913 exercet.

609 1987 901 2023 GILBERTUS
927 1989 1217 2026 BURNATUS.
1268 1994 1351 2027 212.

296 2103 531 2138 G1LBERTUS
549 2102 746 2144 Burnatus,
764 2104 874 2139 nobili
892 2110 992 2140 ortus
1010 2105 1156 2148 familia,
1182 2107 1292 2142 bonas
1318 2112 1413 2143 artes
1431 2109 1528 2143 domi
1546 2108 1680 2148 didicit,

288 2171 375 2204 quas
415 2161 539 2195 deinde
578 2161 665 2196 foris
704 2173 835 2208 magna
872 2163 1008 2209 ingenii
1044 2164 1159 2210 gloria
1188 2170 1224 2199 et
1255 2166 1492 2200 ostentatione
1528 2166 1678 2201 doceret.

290 2217 415 2262 Itaque
446 2219 598 2253 lustrata
628 2218 829 2260 Germania,
859 2220 1039 2264 professus
1070 2222 1177 2256 etiam
1208 2222 1246 2257 in
1277 2223 1529 2258 celebrioribus
1559 2224 1680 2258 acade-

289 2274 371 2308 miis
408 2274 678 2320 philosophiam,
718 2277 817 2311 venit
854 2276 983 2312 Volcas
1017 2278 1320 2321 Arecomicorum,
1353 2280 1414 2315 ubi
1445 2281 1575 2327 viginti
1602 2281 1679 2326 jam

289 2337 385 2366 retro
416 2332 517 2366 annis
548 2333 661 2367 eidem
691 2334 902 2379 professioni
932 2346 1012 2370 cum
1044 2337 1158 2378 laude,
1190 2342 1225 2373 et
1255 2338 1409 2373 nominis
1436 2338 1680 2373 aestimatione

289 2389 471 2424 incumbit.
523 2389 670 2435 Scripsit
