2032 2912
302 302 367 332 208
685 297 920 330 HISTORIA
944 295 1324 329 ECCLESIASTICA

304 397 436 431 dreano
453 395 625 439 Catalogo
642 393 685 426 de
702 393 765 426 illa
782 391 938 426 ecclesia.
978 391 1136 426 Celebris
1153 392 1199 426 ad
1216 392 1313 426 illius
1331 391 1370 425 in
1388 390 1519 426 Rossia
1536 392 1704 437 reliquias

304 453 555 500 peregrinatio.
583 451 607 484 J
609 462 687 485 oan.
704 450 799 484 Lesl.
813 450 874 485 lib.
889 459 980 485 VIII.
994 462 1077 496 pag.
1092 458 1297 484 CCXXVIII.
1325 449 1469 494 Oppido
1482 449 1612 484 Thana
1622 451 1704 484 coli-

304 517 364 545 tur
390 519 479 543 V111.
510 509 648 548 Martii,
680 507 933 542 Calendarium
959 507 1092 543 Adami
1119 507 1238 554 Regii,
1265 512 1301 542 et
1326 507 1541 543 miraculum
1567 508 1703 543 brachii

304 578 360 603 XI.
380 568 534 611 Septem.
553 566 683 600 Boeth.

721 665 758 700 S.
785 663 1149 700 DONEVALDUS.
1203 666 1288 703 379.

301 740 337 775 S.
372 739 661 774 DONEVALDUS
695 741 834 785 primus
865 740 1009 774 videtur
1038 739 1133 772 inter
1168 738 1289 773 Pictos
1323 742 1360 773 et
1391 737 1527 779 Scotos,
1562 738 1625 783 qui
1661 750 1704 773 ex

300 797 431 832 coelibe
457 797 672 832 anachoreta
696 798 812 832 factus
836 802 949 832 totam
975 796 1150 830 familiam
1176 797 1290 830 eidem
1317 796 1413 831 vitae
1439 796 1562 843 generi
1587 797 1705 840 piissi-

298 867 379 890 mus
406 856 556 890 addixit.
610 855 659 889 H.
687 855 815 890 Boeth.
843 856 904 891 lib.
925 863 964 889 X.
994 854 1091 888 Hist.
1119 853 1214 888 Scot.
1242 865 1324 900 pag.
1350 863 1509 888 CLXXX.
1538 859 1560 874 ‘⁶
1577 854 1704 889 Valuit

298 914 494 958 plurimum
521 913 565 947 ad
593 914 866 948 commovendos
892 913 937 947 ad
962 914 1132 957 pietatem
1157 912 1320 946 homines
1346 911 1548 946 Donevaldi
1574 911 1703 946 Scotici

299 972 486 1018 sanguinis
507 972 576 1005 viri
594 972 776 1012 sanctitas,
801 972 864 1016 qui
888 971 926 1005 in
949 970 1142 1004 solitudine
1165 969 1299 1015 Ogilbi,
1323 981 1386 1004 sex
1407 981 1519 1014 prope
1545 970 1705 1004 millibus

298 1041 469 1074 passuum
481 1030 526 1064 ab
536 1029 664 1063 Alecto
677 1030 819 1074 oppido,
831 1030 927 1063 inter
940 1028 1060 1062 Pictos
1072 1027 1167 1061 vitae
1181 1028 1418 1062 sanctimonia
1430 1028 1584 1073 insignis
1598 1027 1702 1062 vixit.

299 1087 397 1121 Huic
422 1099 551 1122 novem
575 1091 677 1121 erant
699 1087 823 1121 filiae.’'
874 1086 967 1121 Vide
985 1097 1076 1131 quae
1094 1090 1307 1130 sequuntur.
1360 1085 1480 1120 Multa
1497 1086 1540 1119 de
1559 1097 1600 1120 eo
1618 1085 1702 1119 alibi

297 1157 419 1180 rerum
444 1146 660 1180 nostratium
685 1145 886 1189 scriptores,
911 1145 972 1178 sed
995 1155 1080 1189 prae
1105 1144 1184 1178 aliis
1210 1143 1415 1183 Fordunus,
1442 1143 1505 1188 qui
1529 1144 1703 1188 quaedam

299 1204 344 1238 ab
370 1215 410 1237 eo
436 1208 641 1248 perpetrata
667 1203 839 1237 miracula
863 1206 1049 1237 memorat.
1103 1201 1255 1246 Scripta,
1280 1206 1324 1236 ut
1350 1206 1449 1246 puto,
1476 1201 1702 1241 interierunt,

298 1262 328 1295 si
347 1272 437 1306 quae
455 1262 624 1295 ediderat.

349 1319 492 1352 Floruit
515 1319 582 1353 sub
606 1318 773 1364 Eugenio
797 1317 883 1353 VII.
909 1317 1108 1358 Scotorum,
1133 1322 1169 1352 et
1192 1316 1380 1351 Garnardo
1403 1317 1588 1351 Pictorum
1611 1317 1703 1363 regi-

299 1377 365 1410 bus
384 1387 477 1409 anno
496 1384 681 1409 DCCXVII.
700 1374 860 1409 Annales
879 1375 1021 1409 Scotici.
1045 1375 1069 1409 J
1071 1387 1103 1410 o.
1122 1375 1293 1409 Leslaeus
1315 1375 1377 1409 lib.
1397 1383 1451 1408 IV.
1474 1385 1557 1421 pag.
1577 1383 1702 1409 CLXV.

300 1433 382 1473 Hic,
399 1437 442 1467 ut
459 1434 564 1467 multi
582 1433 654 1473 alii,
673 1432 929 1478 Martyrologii
947 1432 1103 1467 Romani
1122 1433 1254 1467 tabulis
1271 1443 1344 1467 non
1362 1437 1416 1468 est
1434 1433 1622 1477 ascriptus.

734 1531 770 1565 S.
797 1530 1119 1566 DUFFLANUS.
1173 1534 1255 1566 380.

299 1607 335 1641 S.
354 1606 611 1642 DUFfLANUs
629 1608 733 1641 sociis
752 1607 883 1641 sanctis
902 1607 1040 1641 duobus
1064 1606 1256 1641 Macbeath
1279 1610 1315 1641 et
1337 1606 1631 1652 Magilmumene,
1658 1617 1702 1641 ex

298 1665 425 1699 insulis
444 1664 591 1699 Scoticis
611 1665 731 1706 solvit,
751 1665 885 1699 scilicet
899 1676 942 1698 ex
957 1664 1056 1705 Iona,
1072 1669 1119 1705 et,
1135 1665 1301 1699 manibus
1315 1664 1470 1709 propriis
1488 1663 1584 1699 facto
1601 1664 1702 1698 navi-

299 1724 370 1769 gio,
395 1723 440 1757 ad
457 1722 662 1757 Aelfridum
686 1721 841 1768 Angliae
865 1733 984 1768 regem
1009 1722 1128 1763 venit;
1155 1723 1238 1756 inde
1261 1722 1416 1756 Romam
1439 1721 1702 1769 peregrinantis

300 1782 428 1816 habitu
446 1792 486 1815 ac
502 1785 625 1825 postea
644 1782 718 1815 loca
738 1785 861 1815 sancta
884 1780 983 1821 adiit,
1009 1781 1295 1825 dominicamque
1319 1780 1522 1825 passionem
1545 1784 1702 1814 contem-

299 1841 429 1884 platus,
447 1840 486 1873 in
503 1839 632 1878 reditu,
651 1839 775 1885 ignoto
793 1840 879 1880 loco,
898 1839 1100 1883 deponitur,
1119 1838 1229 1872 tantis
1248 1838 1429 1872 miraculis
1443 1839 1571 1879 clarus,
1590 1849 1702 1882 quan-

299 1902 336 1931 ta
354 1898 547 1931 maximam
566 1908 647 1931 cum
669 1897 747 1931 Deo
770 1897 1055 1943 conjunctionem
1079 1898 1288 1941 loquuntur.
1342 1896 1565 1942 Reginaldus
1589 1896 1701 1930 cardi-

298 1956 388 1989 nalis
407 1956 458 1989 ait
476 1966 534 1989 eos
553 1955 597 1988 ad
623 1955 741 1989 sedem
760 1954 992 1989 Sodorensem
1010 1958 1196 1998 spectasse,
1221 1954 1341 1998 ibique
1360 1954 1557 1988 sacerdotes
1575 1953 1698 1988 factos.

299 2012 448 2058 Scripsit

447 2071 502 2105 De
520 2071 625 2105 Locis
644 2072 753 2106 sacris
1144 2070 1205 2104 lib.
1228 2079 1251 2103 1.

351 2129 544 2174 Depositus
564 2134 617 2163 est
635 2141 728 2163 anno
748 2138 954 2163 DCCCXCII.
1008 2128 1261 2162 Ethelwerdus
1280 2127 1341 2162 lib.
1362 2136 1416 2161 IV.

802 2245 838 2279 S.
866 2243 1058 2279 DWINA.
1113 2246 1196 2278 381.

301 2362 336 2396 S.
364 2361 523 2402 DWINA‚
557 2373 619 2396 seu
644 2361 776 2402 Duina,
808 2366 871 2396 aut
900 2360 1027 2401 Dinas,
1058 2365 1122 2395 aut
1147 2360 1317 2394 Diurnas.
1345 2359 1583 2393 Demochares
1610 2363 1695 2392 tom.

302 2430 355 2454 IV.
374 2432 455 2467 pag.
476 2429 618 2455 CXXIV.
639 2424 660 2439 ‘⁶
678 2419 842 2454 Aidanus
861 2419 1027 2460 Sinanus,
1047 2418 1252 2458 Colmanus,
1270 2417 1423 2457 Diurna,
1442 2416 1595 2457 Cellach,
1614 2416 1696 2449 Sco-
