2044 2992
995 342 1037 382 xi

331 449 468 504 Episc.
496 462 653 489 ccnvu.
679 446 861 486 Abbates
888 450 1005 486 extra
1028 445 1206 485 Scotiam
1232 459 1365 485 cxcu.
1391 443 1709 485 Academiarum

331 514 364 553 F
370 514 592 554 undatores
612 525 689 551 xu.
716 510 794 550 viri
820 509 933 549 domi
959 513 1003 548 et
1027 514 1116 548 tota
1143 509 1294 562 passim
1325 508 1494 562 Europa
1520 508 1709 547 omnium

331 577 597 617 scientiarum
610 587 761 627 genere
774 571 1052 613 illustrissimi.
1084 572 1296 612 Haeretici
1312 571 1479 625 pauculi
1493 571 1711 611 confutan-

329 647 411 681 tur.
470 639 537 679 Ex
558 638 642 678 suis
669 636 952 677 Historiarum
978 634 1048 675 lib.
1068 649 1160 674 XIx.
1187 635 1426 688 excerpsit.'’
1484 635 1710 682 Bononiae,

332 704 449 750 1622,
471 706 552 742 4to.

382 765 539 819 Aliquo
559 770 699 804 tamen
720 776 894 804 numero
919 768 981 803 est
1008 761 1246 816 Dempsteri
1275 761 1463 802 Historia
1489 761 1712 802 Ecclesias-

328 830 409 870 tica
429 829 578 870 Gentis
598 828 826 875 Scotorum,
846 826 930 867 sive
950 826 1100 880 potius,
1124 826 1177 866 de
1203 825 1479 879 Scriptoribus
1505 826 1637 866 Scotis
1663 825 1712 865 li-

327 894 391 934 bri
426 892 701 946 undeviginti.
760 890 858 931 Non
892 896 955 931 est
985 890 1171 944 profecto
1201 888 1385 938 historia,
1416 890 1489 930 sed
1516 889 1712 930 historica

327 958 559 1011 fragmenta
578 954 887 1010 quamplurima
907 954 1105 1001 continet,
1126 953 1265 993 omnia
1284 968 1381 994 vero
1401 954 1454 994 ad
1469 968 1533 995 res
1549 953 1712 995 ecclesi-

328 1022 474 1061 asticas
493 1020 666 1061 minime
685 1018 924 1073 spectantia.
984 1018 1069 1057 Res
1090 1023 1235 1070 gestas,
1257 1017 1323 1057 vel
1352 1017 1499 1058 saltem
1530 1019 1708 1065 nomina,

328 1084 444 1125 mille
474 1090 517 1125 et
550 1084 838 1130 ducentorum,
872 1082 906 1121 si
937 1081 1016 1122 diis
1049 1080 1195 1135 placet,
1227 1081 1486 1135 scriptorum,
1514 1089 1709 1122 recenset.

329 1150 544 1188 Scotorum
564 1146 807 1200 complures,
828 1146 862 1185 si
882 1145 985 1185 fides
1004 1145 1255 1198 Dempstero
1274 1144 1475 1193 habenda,
1502 1146 1637 1186 multa
1663 1146 1712 1186 li-

330 1212 429 1252 teris
448 1212 704 1251 mandarunt
724 1209 928 1249 sexcentis
949 1208 1079 1248 ferme
1098 1208 1218 1248 annis
1238 1214 1335 1248 ante
1355 1207 1497 1249 literas
1518 1210 1562 1249 in
1583 1211 1712 1250 Scoti-

328 1290 395 1315 am
416 1275 608 1314 invectas.
669 1272 842 1326 Nempe,
868 1286 942 1312 rex
968 1272 1150 1324 optimus
1178 1272 1410 1325 Fergusius,
1437 1281 1712 1326 cognomento

330 1337 523 1386 Illustris,
549 1338 622 1391 qui
650 1336 761 1376 diem
788 1335 891 1375 obiit
920 1348 1161 1389 supremum
1191 1349 1301 1375 anno
1328 1341 1425 1375 ante
1454 1336 1611 1376 Christi
1641 1337 1711 1377 ad-

329 1409 503 1443 ventum
523 1405 617 1449 318,
644 1406 664 1424 ‘⁶
684 1414 768 1454 quo
788 1399 957 1439 firmum
985 1404 1102 1446 esset,
1129 1404 1172 1438 et
1200 1399 1501 1439 successoribus
1526 1400 1710 1440 validum

330 1466 562 1520 imperium,
602 1464 734 1505 edidit
773 1463 906 1516 Leges
955 1462 1187 1502 Politieasss’
1265 1462 1323 1502 Et
1372 1469 1393 1487 ‘⁴
1426 1463 1711 1505 Bundevicam

330 1530 551 1583 quandam,
571 1527 799 1569 Amazonio
819 1527 906 1566 ritu
925 1525 1174 1574 bellicosam,
1204 1526 1314 1566 inter
1342 1533 1545 1568 nostrates
1574 1529 1713 1569 erudi-

330 1594 444 1633 tione
475 1599 518 1633 et
551 1592 713 1646 scriptis
747 1590 928 1644 insignes
962 1590 1161 1630 referunt.
1220 1589 1337 1630 Haec
1363 1591 1579 1632 Scotorum
1606 1594 1712 1646 regis
1754 1609 1757 1611 “

330 1657 427 1705 filia,
448 1657 759 1703 Britannorum,
780 1655 853 1708 qui
874 1668 987 1694 nunc
1007 1659 1107 1694 sunt
1131 1653 1270 1707 Angli,
1289 1654 1442 1707 regina,
1463 1655 1598 1696 multa
1617 1670 1713 1696 con-

331 1728 396 1761 tra
417 1721 627 1760 Romanos
647 1725 816 1760 strenue
835 1718 971 1772 gessit,
991 1717 1279 1771 coloniamque
1305 1717 1471 1759 delevit.
1531 1720 1712 1768 Tacitus,

332 1784 425 1832 Dio,
458 1783 710 1837 Xiphilinus.
768 1783 905 1826 Quam
934 1781 1140 1834 scripsisse
1169 1781 1318 1821 volunt
1349 1783 1471 1831 varia,
1498 1790 1541 1823 et
1571 1784 1615 1825 in
1646 1784 1711 1824 his

333 1847 562 1890 Conciones
592 1845 798 1886 Militares
827 1845 934 1885 libro
960 1847 1081 1892 uno,’'
1109 1844 1295 1898 aliosque
1324 1846 1512 1899 quinque
1539 1846 1711 1895 libellos,

334 1924 512 1963 quorum
534 1909 709 1950 ultimus
728 1915 791 1949 est
810 1909 862 1950 de
889 1908 1073 1949 exercitu
1099 1908 1282 1962 pedestri
1311 1909 1513 1950 ducendo.
1573 1911 1711 1958 Bardi,

333 1980 446 2014 vates
466 1973 756 2026 antiquissimi,
788 1978 809 1996 ‘⁶
829 1973 1085 2026 scripserunt
1113 1972 1308 2012 Carmina
1335 1974 1446 2014 varia
1471 1973 1540 2015 lib.
1568 1975 1594 2016 i.
1625 1975 1711 2016 He-

333 2052 452 2078 roum
474 2037 638 2077 Laudes
658 2036 730 2076 lib.
752 2037 777 2076 i.
803 2036 856 2076 de
877 2036 909 2076 F
912 2036 1143 2076 ortitudine
1167 2035 1315 2077 bellica
1345 2036 1508 2078 Patriae
1534 2039 1709 2080 Caritati

334 2101 473 2141 debita
496 2101 722 2153 (Lucanus)
744 2099 815 2141 lib.
833 2100 858 2139 i.
905 2098 1161 2140 Floruerunt
1180 2114 1310 2154 paene
1326 2115 1349 2141 a
1363 2102 1531 2143 condito
1547 2107 1709 2156 regn0.”

335 2164 497 2212 Culdei,
524 2164 754 2215 sacerdotes
783 2163 1072 2217 antiquissimi,
1099 2170 1119 2188 ‘⁴
1139 2165 1392 2219 scripserunt
1416 2166 1709 2208 Institutiones

334 2229 388 2268 ad
403 2228 572 2268 Clerum
587 2234 630 2268 et
646 2227 855 2281 Populum
871 2227 1078 2268 Scoticum
1093 2227 1164 2268 lib.
1183 2228 1208 2268 i.
1253 2228 1507 2270 Floruerunt
1521 2231 1573 2270 ab
1588 2231 1708 2271 initio

335 2292 432 2332 fidei
453 2306 477 2331 a
496 2292 626 2332 Scotis
642 2295 865 2345 receptae.”
907 2291 1011 2331 Tam
1027 2298 1310 2345 portentosam
1325 2293 1401 2333 sibi
1417 2293 1709 2335 bibliothecam

334 2356 606 2396 adornaverat
635 2355 817 2395 Thomas
846 2354 917 2395 ille
945 2362 1108 2402 noster3
1143 2362 1416 2397 veruntamen
1443 2359 1710 2412 quotusquis-

335 2434 417 2474 que
441 2419 641 2460 librorum
669 2433 719 2460 ex
744 2419 821 2460 hac
850 2418 1079 2460 lautissima
1103 2418 1361 2474 supellectile
1380 2423 1466 2476 jam
1491 2426 1709 2477 superest?
