2032 2912
755 344 931 378 GENTIS
957 345 1234 385 SCOTORUM‚
1260 346 1349 378 LIB.
1375 347 1433 379 IV.
1723 349 1786 380 207

438 439 542 474 Vixit
568 451 624 474 an.
653 447 762 473 DCVI.
790 441 828 473 in
859 440 920 473 SS.
955 440 1075 474 album
1105 442 1249 481 relatus,
1281 450 1433 475 xxvn1.
1460 441 1609 476 Januar.
1636 447 1672 477 et
1698 451 1782 477 xvl.

389 497 604 532 Novembris
634 498 691 531 die
721 498 798 542 ejus
829 498 1038 531 memoriam
1066 500 1190 532 recolit
1216 500 1370 533 ecclesia.
1397 499 1548 534 Arnold.
1576 500 1698 534 Uvion
1722 501 1782 535 lib.

390 564 450 589 111.
469 555 579 601 Ligni
597 554 704 590 Vitae
721 566 803 600 pag.
823 564 1012 589 ccccxlv.
1031 560 1067 589 et
1084 555 1336 590 Calendarium
1353 556 1377 590 J
1379 557 1477 591 acobi
1495 556 1687 603 Cheynaei.

862 669 898 703 S.
925 669 1182 704 DONANUS.
1236 673 1319 708 377.

387 787 423 821 S.
443 786 646 820 DONANUS
669 786 788 826 abbas,
814 797 920 820 aureo
938 786 999 819 illo
1017 788 1221 819 sanctorum
1246 786 1374 826 seculo,
1397 786 1664 831 incomparabili
1689 789 1783 823 vitae

386 844 596 891 integritate
614 844 728 878 fulsit.
765 843 938 877 Baculum
958 843 1125 876 haeretici
1144 848 1390 887 corruperunt,
1408 845 1471 888 qui
1490 845 1716 880 circumlatus
1734 846 1783 880 fe-

386 903 439 937 bri
458 907 493 937 et
510 902 634 937 morbo
651 902 750 948 regio
769 902 988 935 medebatur.
1041 900 1134 946 Ejus
1154 905 1239 934 sunt
1255 910 1263 934 ε

534 960 755 994 Monasticae
773 959 879 994 Vitae
898 958 1111 993 Institutum
1382 959 1443 994 lib.
1464 969 1489 994 Ι.

533 1017 589 1052 De
607 1018 642 1052 S.
663 1017 854 1051 Trinitatis
873 1017 1059 1061 Mysteriis
1381 1018 1442 1051 lib.
1463 1027 1487 1051 1.

536 1075 677 1121 Regula
694 1074 811 1109 Officii
828 1074 1069 1108 Ecclesiastici
1382 1076 1442 1109 lib.
1463 1085 1488 1109 1.

434 1133 538 1168 Vixit
556 1144 649 1166 anno
668 1141 791 1166 DCXL.
844 1132 984 1166 Colitur
1008 1132 1064 1165 die
1089 1141 1191 1166 XVII.
1216 1131 1333 1177 April.
1359 1133 1523 1168 Breviar.
1549 1133 1644 1168 Scot.
1663 1139 1781 1179 patro-

384 1203 452 1226 nus
470 1192 508 1225 in
526 1190 724 1230 Achterles,
744 1189 905 1223 Thomae
925 1189 1130 1233 Dempsteri
1149 1190 1306 1231 baronia,
1332 1192 1433 1237 cujus
1452 1196 1594 1226 sanctae
1611 1193 1781 1237 reliquiae

386 1251 542 1284 elevatae
561 1256 683 1282 XVIII.
701 1247 821 1292 April.
840 1252 876 1281 et
894 1247 1074 1281 nundinae
1092 1246 1295 1292 frequentes
1313 1253 1390 1283 toto
1407 1260 1448 1282 eo
1466 1253 1595 1283 tractu.

839 1361 875 1395 S.
903 1360 1192 1395 DUTHACUS.
1245 1364 1327 1400 378.

384 1478 447 1514 DE
483 1479 520 1514 S.
556 1479 723 1514 Duthaco
762 1478 811 1513 H.
850 1477 995 1512 Boethii
1039 1478 1148 1513 verba
1190 1483 1275 1514 sunt
1309 1488 1402 1514 XIII.
1439 1479 1535 1514 Hist.
1571 1479 1665 1515 Scot.
1700 1491 1780 1525 pag.

383 1546 594 1572 CCLXXXV.
637 1540 660 1556 ‘⁶
691 1535 858 1570 Tradunt
893 1536 1003 1581 aliqui
1038 1535 1246 1571 Duthacum
1279 1538 1483 1582 episcopum
1517 1538 1779 1571 sanctissimum

382 1600 554 1642 regnante
580 1594 686 1628 Alex.
714 1593 764 1628 ΙΙ.
795 1594 939 1634 vixisse,
966 1599 1161 1629 asserentes
1188 1606 1268 1629 eum
1295 1594 1340 1628 D.
1368 1594 1520 1629 Gilberti
1546 1595 1780 1629 Cathanensis

381 1655 537 1700 episcopi
555 1653 666 1688 fuisse
684 1657 971 1697 praeceptorem3
999 1653 1059 1686 sed
1078 1653 1138 1685 alii
1158 1652 1277 1696 ipsum
1296 1653 1400 1698 longe
1418 1653 1504 1686 haec
1521 1657 1681 1696 tempora
1702 1663 1781 1696 pre-

381 1712 527 1746 cessisse
546 1710 732 1745 scribunt:
761 1714 943 1753 utcunque
962 1715 1080 1743 autem
1106 1721 1142 1743 se
1164 1721 1220 1743 res
1245 1710 1363 1750 habet,
1392 1711 1448 1743 vir
1473 1710 1544 1743 fuit
1561 1710 1656 1743 omni
1676 1710 1778 1743 laude

381 1769 625 1815 dignissimus,
644 1767 792 1811 Deoque
809 1771 845 1801 et
867 1767 1072 1800 hominibus
1097 1778 1177 1801 cum
1200 1767 1326 1811 primis
1344 1772 1529 1811 acceptus3
1556 1767 1651 1811 quod
1675 1766 1777 1800 facile

381 1838 425 1861 ex
443 1826 624 1860 miraculis
641 1836 733 1870 quae
751 1825 877 1858 vivens
896 1835 936 1858 ac
953 1829 1116 1858 mortuus
1140 1825 1178 1858 in
1203 1828 1362 1858 nostram
1387 1835 1500 1869 usque
1526 1828 1678 1857 aetatem
1706 1824 1778 1857 edi-

380 1885 444 1925 dit,
463 1888 614 1918 constat.
653 1883 832 1917 Coluntur
849 1893 934 1916 vero
952 1893 1091 1916 summa
1109 1882 1336 1915 veneratione
1354 1882 1523 1925 reliquiae
1540 1881 1617 1926 ejus
1636 1882 1672 1915 in
1686 1881 1777 1915 Ros-

380 1943 444 1983 sia,
470 1942 533 1976 ubi
561 1946 597 1976 et
623 1941 783 1985 sepultus
810 1940 895 1980 est‚”
921 1940 1051 1984 oppido
1078 1939 1217 1973 Thana.
1270 1939 1369 1972 Idem
1394 1938 1567 1972 Boethius
1600 1938 1775 1984 Descript.

380 1999 518 2034 Scotiae
535 2011 617 2045 pag.
638 2008 693 2032 IV.
711 1998 774 2032 ubi
792 1997 1019 2031 Deuthacum
1038 2001 1152 2031 vocat.
1186 1996 1256 2030 Hic
1275 1997 1393 2036 etiam,
1410 2001 1451 2030 ut
1470 1996 1574 2030 multi
1592 1996 1664 2036 alii,
1679 1996 1776 2030 Mar-

378 2057 548 2103 tyrologii
579 2056 733 2090 Romani
766 2056 804 2089 in
833 2055 965 2089 tabulis
996 2055 1227 2094 desideratur,
1258 2054 1339 2088 licet
1370 2058 1532 2088 aeternae
1565 2054 1660 2087 vitae
1685 2054 1776 2088 libro

378 2116 542 2160 scriptus.
596 2114 736 2148 Extant
754 2114 798 2147 ab
816 2124 857 2147 eo
874 2113 990 2147 edita:

529 2172 784 2206 Meditationes
803 2171 982 2205 solitariae
1372 2169 1433 2203 lib.
1454 2178 1479 2202 1.

527 2229 582 2263 De
600 2228 771 2263 Vanitate
789 2228 1088 2272 Philosophorum
1371 2227 1432 2260 lib.
1454 2236 1478 2259 1.

525 2287 580 2321 De
598 2287 666 2321 Dei
685 2286 903 2320 Nominibus
922 2297 964 2319 ex
983 2286 1018 2319 S.
1038 2285 1213 2330 Dionysio
1372 2285 1432 2318 lib.
1454 2294 1479 2318 1.

427 2345 569 2380 Floruit
588 2356 682 2379 anno
703 2353 905 2378 MCCXLIX.
925 2344 985 2377 alii
1004 2348 1124 2377 tamen
1142 2343 1308 2376 claruisse
1327 2343 1466 2376 malunt
1483 2353 1576 2376 anno
1595 2350 1773 2376 Dcccvu.

377 2403 446 2438 Sed
467 2404 506 2437 in
529 2415 567 2437 re
596 2403 764 2449 ambigua
786 2402 883 2436 haud
908 2407 1039 2435 temere
1064 2402 1254 2446 quicquam
1280 2400 1497 2435 affirmarim.
1548 2399 1670 2434 Unum
1693 2400 1774 2439 scio,

376 2462 413 2495 in
441 2461 617 2496 Hibernia
640 2461 703 2495 diu
725 2459 827 2494 illum
851 2464 1056 2494 versatum:
1083 2459 1157 2492 vidi
1182 2458 1221 2492 in
1247 2458 1391 2493 Malisio
1417 2459 1580 2504 episcopo
1606 2457 1775 2492 Sanctan-

1032 2519 1053 2550 2
1073 2525 1098 2550 E
