2032 2912
665 360 841 395 GENTIS
866 357 1144 398 SCOTORUM,
1170 359 1259 393 LIB.
1284 359 1329 393 11.
1655 360 1697 392 75

299 458 433 492 Christi
450 456 620 503 apostolo,
634 456 844 491 sacrandum
860 466 882 489 a
894 455 1137 490 fundamentis
1146 455 1255 501 jecit:
1273 454 1356 489 inde
1368 453 1547 499 profectus
1561 453 1695 489 concio-

298 515 486 550 nabundus
500 514 545 548 ad
559 513 708 553 Tellein,
723 513 841 546 vicum
854 510 970 546 tribus
983 522 1155 556 passuum
1165 511 1323 546 millibus
1335 511 1380 546 ab
1390 510 1528 552 Alecto,
1541 511 1694 546 alterum

299 573 472 617 templum
489 570 648 617 ejusdem
666 569 817 614 apostoli
833 568 971 603 nomini
994 569 1150 603 dicatum
1169 569 1349 610 condidit;
1379 569 1527 603 tertium
1545 569 1590 603 ad
1607 568 1695 603 Res-

299 633 498 669 tennotum‚
521 638 617 663 nunc
638 626 889 661 canonicorum
907 625 955 660 D.
973 623 1174 671 Augustini
1192 625 1414 660 coenobium.
1465 625 1543 660 Illic
1560 625 1696 672 aliquot

299 687 402 721 annis
427 689 597 725 moratus,
622 684 669 718 ad
694 693 732 718 se
756 680 993 718 confluentem
1017 683 1191 727 populum
1217 687 1448 728 posteaquam
1465 683 1599 718 salubri
1618 684 1697 718 doc-

299 743 394 777 trina
422 740 721 787 frequentissimis
749 739 977 775 concionibus
1008 739 1261 781 confirmasset,
1292 739 1480 787 Angusiae
1504 741 1694 786 reliquum,

300 799 489 840 Mer-niam,
528 798 721 839 Marream,
767 796 1075 842 Buthquhaniam,
1118 797 1361 844 Bogevallem,
1403 802 1441 832 et
1483 797 1696 838 Moraviam,

299 856 436 891 Christi
450 857 616 903 dogmate
629 860 753 902 gentes
766 854 943 896 erudiens,
956 855 1171 900 penetravit,
1184 855 1282 890 haud
1295 855 1418 900 paucis
1430 854 1573 900 templis
1588 855 1697 889 variis

299 915 338 948 in
355 925 479 949 earum
495 914 683 962 regionum
699 913 797 953 locis,
814 912 853 947 ‘m
870 911 971 947 Petri
988 913 1139 958 apostoli
1161 912 1334 948 honorem
1357 913 1510 947 conditis
1534 913 1698 947 sacratis·

302 982 382 1016 que.
421 971 583 1006 Tandem
597 982 682 1005 vero
692 970 835 1004 devenit
848 970 934 1005 etin
947 969 1127 1011 Rossiam‚
1136 970 1199 1005 ubi
1210 971 1256 1005 ad
1269 970 1364 1005 vitae
1377 971 1515 1005 exitum
1526 974 1697 1010 moratus,

301 1029 426 1064 multis
443 1033 479 1063 et
496 1028 564 1073 piis
583 1027 772 1062 sudoribus
790 1038 855 1072 pro
877 1038 981 1062 verae
1006 1027 1151 1072 pietatis
1176 1028 1275 1062 cultu
1300 1028 1482 1072 impensis,
1509 1028 1697 1062 sanctitate

301 1091 336 1121 et
354 1086 552 1121 eruditione
564 1085 729 1132 insignis,
743 1083 881 1119 felicem
898 1084 1055 1119 animam
1072 1085 1168 1119 coelo
1181 1084 1343 1125 reddenS,
1358 1096 1486 1130 corpus
1499 1086 1595 1130 apud
1608 1084 1697 1119 Ros-

300 1143 449 1178 marken
462 1142 703 1188 sepeliendum
716 1141 891 1186 reliquioe
918 1140 1018 1176 Haec
1027 1142 1104 1176 ille:
1118 1152 1184 1188 ego
1198 1146 1318 1177 tamen
1333 1143 1453 1187 potius
1464 1142 1698 1187 apostolicum

301 1202 459 1247 legatum
485 1200 655 1245 putarim,
678 1209 789 1244 quam
811 1198 1025 1243 pontificem.
1078 1198 1248 1233 Meminit
1272 1209 1473 1245 anonymus
1499 1200 1559 1235 ille
1576 1210 1699 1234 mona-

301 1257 389 1292 chus
403 1256 631 1296 Paslatensis‚
644 1265 765 1290 rerum
779 1255 999 1290 Scoticarum
1015 1256 1179 1301 scriptor,
1197 1260 1234 1290 et
1251 1255 1275 1289 J
1277 1267 1357 1291 oan.
1372 1255 1543 1292 Leslaeus
1559 1257 1622 1292 lib.
1643 1265 1698 1291 lv.

300 1325 382 1360 pag.
409 1321 518 1347 cmv.
545 1312 665 1347 Gessit
689 1312 729 1346 in
754 1311 884 1346 Bossia
909 1311 1164 1356 episcopatum.
1215 1312 1271 1347 De
1300 1313 1368 1348 hoc
1396 1314 1589 1358 apostolico
1620 1315 1699 1348 viro

301 1375 398 1405 certa
414 1370 500 1405 olim
517 1369 664 1404 traditio
681 1373 770 1410 erat,
789 1379 909 1414 quam,
927 1373 1071 1413 praeter
1086 1370 1293 1405 unanimem
1315 1371 1534 1406 nostratium
1556 1382 1701 1406 consen-

301 1439 393 1469 sum,
426 1428 535 1463 etiam
562 1427 729 1473 Rogerus
758 1425 977 1461 Hovedenus,
1007 1427 1226 1472 exsequitur,
1255 1427 1389 1462 Annal.
1419 1433 1513 1473 part.
1545 1437 1589 1463 11.
1615 1439 1697 1474 pag.

302 1493 493 1520 cnxxvn.
546 1489 569 1505 “
593 1484 739 1519 Dicitur
763 1483 860 1528 quod
885 1483 924 1518 in
955 1483 1149 1519 cathedrali
1179 1485 1324 1520 ecclesia
1353 1485 1579 1531 episcopatus
1609 1485 1702 1520 Ros-

301 1543 426 1584 sensis,
457 1553 549 1588 quae
574 1542 707 1577 dicitur
731 1540 969 1582 Rosmarken,
1000 1540 1135 1577 Beatus
1165 1541 1373 1578 Bonifacius
1403 1553 1507 1589 papa,
1537 1543 1601 1589 qui
1629 1543 1699 1577 fuit

303 1605 454 1646 quartus
467 1612 489 1635 a
501 1600 615 1635 Beato
629 1598 815 1646 Gregorio,
828 1599 990 1644 sepultus
1003 1600 1090 1634 est.'’
1120 1599 1180 1635 Ex
1193 1600 1259 1635 hac
1273 1599 1510 1646 descriptione
1524 1612 1606 1636 eum
1620 1612 1701 1635 con-

302 1662 374 1693 stat
392 1657 503 1693 fuisse
521 1656 748 1692 Bonifacium
767 1655 831 1691 IV.
850 1656 913 1701 qui
930 1667 951 1691 a
970 1656 1091 1692 Phoca
1108 1657 1259 1692 Caesare
1281 1658 1469 1693 Pantheon
1490 1659 1583 1693 dono
1606 1670 1700 1693 acce-

304 1716 369 1759 pit,
403 1720 439 1750 et
472 1715 569 1760 quod
603 1714 764 1749 omnium
798 1713 1068 1748 daemoniorum
1097 1720 1186 1756 erat,
1216 1715 1442 1750 beatissimae
1470 1715 1633 1762 Virginis
1664 1721 1699 1750 et

303 1772 464 1806 omnium
489 1776 694 1806 sanctorum
719 1770 845 1810 effecit,
871 1775 913 1804 ut
937 1777 1061 1806 narrat
1086 1771 1129 1805 de
1154 1783 1196 1806 eo
1220 1772 1315 1806 idem
1339 1772 1568 1812 Hovedenus,
1595 1773 1697 1819 cujus

303 1828 389 1864 fides
407 1829 565 1863 Bai-onio
582 1829 721 1862 sincera
732 1837 745 1862 t
768 1827 829 1862 hic
844 1827 952 1862 etiam
969 1827 1102 1863 festum
1120 1829 1282 1863 omnium
1302 1836 1507 1864 sanctorum
1528 1830 1699 1870 instituit,

303 1892 344 1921 ut
362 1890 503 1931 praeter
521 1885 884 1926 Huntindoniensem,
904 1884 1153 1926 Hovedenum,
1178 1886 1545 1928 Malmesburiensem,
1568 1892 1604 1922 et
1621 1898 1699 1922 nos-

304 1949 389 1984 tros,
420 1944 648 1978 consentiunt
675 1942 868 1989 hagiologi,
899 1947 936 1977 et
960 1953 1005 1976 ex
1030 1943 1074 1976 iis
1101 1943 1255 1984 Platina,
1282 1943 1469 1985 Ciaconus,
1502 1949 1539 1978 et
1565 1955 1698 1979 omnes.

303 2003 432 2037 Altum
449 2007 569 2037 tamen
590 2001 773 2036 silentium
796 2001 892 2046 apud
915 2010 1038 2035 omnes
1059 2001 1173 2035 nostri
1194 2005 1233 2035 et
1256 2002 1450 2046 superioris
1474 2002 1553 2036 aevi
1577 2012 1698 2036 rerum

303 2060 493 2104 scriptores
509 2059 836 2094 ecclesiasticarum.
880 2058 974 2104 Ejus
991 2063 1111 2093 tamen
1130 2057 1311 2097 Bonifacii
1327 2058 1505 2094 habentur
1518 2070 1561 2093 ex
1575 2059 1697 2094 eodem

305 2117 514 2157 Paslatensi,
532 2121 574 2151 ut
591 2117 738 2151 volunt:

452 2173 507 2207 De
525 2174 781 2220 Praerogativa
800 2173 899 2208 Petri
1493 2174 1555 2209 lib.
1576 2184 1600 2209 1.

452 2231 660 2266 Paraenesis
679 2231 725 2265 ad
742 2230 865 2266 Scotos
1493 2232 1553 2266 lib.
1575 2242 1599 2266 1.

452 2288 659 2323 Doctrinale
671 2288 786 2329 Fidei,
800 2288 880 2323 MS.
894 2288 1119 2324 Aberdoniae
1132 2289 1218 2324 olim
1232 2293 1468 2330 asservatum,
1493 2290 1554 2325 lib.
1576 2298 1601 2324 1.

353 2346 511 2381 Venerat
528 2346 587 2380 ille
605 2346 643 2380 in
661 2345 816 2380 Scotiam
833 2357 928 2381 anno
946 2355 1057 2381 DcV1.
1075 2351 1138 2381 aut
1155 2357 1250 2387 sane,
1268 2352 1310 2382 ut
1332 2347 1455 2382 verius
1474 2348 1547 2389 alii,
1570 2356 1698 2382 Dcxx.

305 2403 445 2439 Colitur
464 2403 520 2439 die
538 2412 624 2438 XVI.
645 2402 782 2438 Martii.
839 2403 1066 2439 Breviar—ium
1085 2404 1273 2440 Scoticum
